3275 5317
941 482 1372 550 Plcrvna
1413 483 1928 553 PARIETVM.
2347 480 2358 491 ’
2423 486 2556 557 211

306 644 645 749 pedoclffl
694 654 850 722 sunt
896 646 1064 723 haec
1111 645 1411 722 Platonis
1472 647 1648 723 XII.
1714 649 1801 723 de
1847 650 2024 748 legg.
2088 675 2162 751 p.
2227 648 2404 727 956.
2456 653 2550 728 Δ.

305 750 519 883 ὑφὴν
578 748 672 827 δὲ
738 751 844 850 μὴ
909 752 1136 830 πλέον
1199 754 1424 856 ἔργον
1486 752 1850 856 γυναικὸς
1924 762 2107 854 μιᾶς
2174 755 2551 855 εμμηνον·

297 851 679 955 χρώματα
728 854 815 931 δὲ
867 855 1093 932 λευκὰ
1145 856 1492 955 πρέποντ’
1548 857 1652 934 ἄν
1700 860 1913 942 θἐοῗς
1976 863 2085 954 εἴη
2148 858 2279 935 καὶ
2328 862 2551 936 ἄλλο·

302 964 400 1035 θι
449 958 585 1035 καὶ
632 958 718 1036 ἐν
765 957 964 1059 υφῇ·
1016 955 1395 1060 βάμματα
1461 958 1548 1036 δὲ
1612 959 1720 1061 μὴ
1769 963 2230 1093 προςφέρειν
2294 964 2447 1039 ἀλλ’
2498 963 2550 1062 ἢ

302 1062 499 1164 πρὸς
546 1062 647 1139 τὰ
698 1064 1031 1194 πολέμου
1079 1061 1563 1164 κοσμήματα·
1616 1061 1982 1141 θειότατα
2036 1064 2121 1142 δε
2150 1065 2364 1164 δῶρα
2386 1068 2553 1198 όρ-

286 1165 520 1251 νιθές
568 1194 650 1241 τε
699 1165 830 1242 καὶ
879 1162 1284 1270 ἀγάλματα
1334 1167 1613 1262 όσαπερ
1667 1166 1770 1244 ἂν
1823 1171 1908 1245 ἐν
1955 1177 2095 1267 μιᾷ
2150 1166 2553 1273 ζωγράφος

297 1269 548 1368 ἦμέρᾳ
596 1269 703 1354 εἷς
754 1270 1097 1368 ἀποτελῇ.
1202 1270 1392 1363 Quae
1442 1268 1689 1345 Latine
1739 1271 1936 1346 vertit
1988 1271 2225 1347 Cicero
2259 1274 2341 1346 de
2370 1273 2550 1371 legg.

295 1371 400 1447 II.
463 1376 587 1447 18.
698 1369 922 1471 Atque
990 1372 1072 1447 de
1138 1374 1306 1447 solio
1376 1372 1554 1448 Iovis
1621 1372 1970 1503 Olympiae
2036 1374 2401 1450 Pausanias
2451 1375 2547 1450 V.

301 1481 430 1571 11,
489 1481 565 1549 2.
617 1475 747 1550 καὶ
798 1472 958 1576 ζῷά
1006 1505 1088 1552 τε
1140 1477 1245 1552 ἐπ’
1300 1477 1540 1554 αὐτοῦ
1589 1487 1852 1581 γραφῇ
1892 1479 2370 1578 μεμιμημένα
2420 1478 2549 1556 καὶ

294 1574 709 1684 ἀγάλματά
758 1581 966 1657 ἐστιν
1015 1580 1492 1683 εἰργασμένα.
1597 1578 1900 1680 Apparet
1947 1606 2035 1654 ex
2080 1582 2224 1676 his,
2297 1583 2547 1657 alienos

292 1707 450 1757 esse
500 1680 930 1803 Empedoclis
981 1707 1208 1756 versus
1276 1684 1359 1756 ab
1425 1708 1509 1757 ea
1571 1684 1992 1782 quaestione,
2077 1709 2244 1782 quae
2310 1694 2416 1760 est
2464 1686 2549 1761 de

289 1786 498 1886 pictis
550 1785 810 1860 statuis.
912 1784 1130 1860 Porro
1180 1787 1470 1860 adhibita
1518 1794 1697 1878 sunt,
1751 1811 1918 1885 quae
1970 1788 2145 1885 apud
2217 1785 2547 1865 Galenum

288 1886 610 1964 voLHI.
663 1912 734 1987 p.
789 1888 966 1962 615.
1017 1889 1182 1962 Bas.
1235 1889 1373 1962 sive
1422 1887 1699 1961 XVIII.
1750 1898 1926 2011 part.
1979 1887 2041 1963 I.
2091 1916 2162 1989 p.
2203 1890 2381 1965 519.
2436 1891 2544 1966 ed.

287 1991 496 2092 Lips.
549 2014 640 2065 ex
686 1974 1031 2091 Euripidis
1080 1987 1443 2090 Hypsipyla
1491 1992 1592 2064 sic
1644 1993 1896 2092 scripta
1956 1993 2301 2090 leguntur.
2369 1992 2546 2071 ἰδοὺ

288 2094 487 2196 προς
536 2095 818 2192 αἰθέρα
868 2099 1346 2196 &sufflammat
1395 2090 1640 2218 κόραι,
1692 2096 2076 2198 γραπτούς
2115 2092 2266 2173 οἷσι
2315 2095 2546 2197 πρός-

286 2203 584 2301 βλεπον
645 2196 953 2283 τύπους
1032 2197 1411 2273 Probarunt
1456 2199 1584 2273 viri
1633 2199 1814 2273 docti
1850 2197 2283 2275 Valckenarii
2313 2224 2546 2277 emen·-

288 2304 628 2387 damnem
675 2302 750 2375 in
797 2300 1023 2376 Diatr.
1073 2324 1147 2402 p.
1203 2306 1385 2376 214.

430 2452 503 2525 ...‘
486 2430 549 2483 ‘⁴
502 2410 810 2565 ἒζὸού,
862 2452 1051 2552 πρὸς
1102 2452 1348 2556 αἰθέρ’
1406 2457 1947 2555 ἐξαμιλλῶνται
1993 2451 2218 2558 κόραι

316 2588 320 2592 ·
502 2558 993 2664 γραπτοὺς
1043 2561 1126 2637 ἐν
1178 2560 1490 2636 amoto.
1538 2559 2029 2662 προςβλέπειν
2077 2559 2384 2647 τύπους.

289 2709 581 2812 Κόραις
627 2720 850 2787 tamen
898 2713 1187 2788 coniecit
1234 2712 1583 2806 Matthiae,
1635 2738 1782 2786 ιιοιι
1818 2713 2099 2811 puellas,
2153 2715 2271 2789 sed
2314 2714 2543 2789 oculos

290 2816 428 2891 dici
478 2817 746 2891 videns.
800 2817 912 2891 cui
960 2816 1196 2890 merito
1263 2816 1620 2888 assentitur
1680 2816 2075 2889 Rochettus.
2204 2823 2544 2894 Αἰετοῖσι

291 2944 378 2993 au
429 2927 618 2994 recte
669 2920 1046 3019 scripsisset
1092 2916 1574 2992 Valckenarius
1591 2969 1618 3012 ,
1670 2943 1802 2992 nou
1854 2918 2278 2994 dubitavisset
2326 2920 2543 2994 Voel·

289 3022 508 3097 helius
522 3075 551 3117 ,
605 3019 936 3097 Galenum
1002 3024 1062 3095 si
1109 3021 1545 3120 inspexisset,
1599 3023 1715 3119 qui
1776 3030 2046 3120 propter
2108 3023 2278 3097 hanc
2326 3024 2538 3123 ipsam

289 3151 525 3202 vocem
573 3150 735 3199 usus
787 3134 892 3200 est
938 3123 1281 3223 Euripidis
1317 3125 1637 3198 versibus.
1744 3122 1887 3198 Sed
1913 3149 2028 3200 eos
2054 3116 2538 3201 Valckenarius

289 3230 613 3305 violenter
662 3229 974 3303 diffinxit.
1078 3225 1203 3303 Sic
1253 3236 1443 3301 eraut
1491 3228 1856 3301 scribendi.

604 3376 804 3476 ἰδού,
856 3380 1045 3479 πρὸς
1098 3381 1341 3481 αἰθέρ’
1394 3379 1873 3483 ἐξαμίλλησαι
1920 3377 2181 3483 κόρας,

600 3485 987 3589 γραπτοῦς
1038 3488 1121 3563 ἐν
1172 3490 1484 3562 amoto.
1532 3485 2025 3586 προςβλέπων
2072 3483 2383 3571 τύπους.

291 3637 620 3715 Similiter
665 3640 972 3739 loquutus
1021 3640 1489 3714 Plutarchus
1465 3666 1539 3713 ιιι
1592 3640 1725 3713 vita
1751 3636 1948 3713 Arati
1997 3663 2065 3713 c.
2108 3643 2181 3714 3.
2234 3640 2317 3712 de
2349 3663 2539 3714 com-

292 3744 632 3818 mentatiis
682 3744 858 3817 illius
910 3744 1070 3818 viri.
1140 3744 1193 3821 ἃ
1258 3743 1654 3876 παρέργως
1716 3744 1846 3819 και
1910 3742 2060 3819 ὑπὸ
2119 3750 2340 3843 χεῖρα
2403 3741 2538 3818 διὰ

291 3857 449 3925 τῶν
501 3844 1018 3944 ἐπιτυχόντων
1079 3844 1486 3946 ὀνομάτων
1537 3843 2133 3946 ἅμιλλησαμενος
2172 3847 2535 3924 κατέλιπε.

295 3949 752 4025 Certissimum
803 3961 1022 4025 autem
1070 3975 1221 4024 esse
1271 3958 1500 4024 censet
1547 3950 1917 4024 Rochettus
1932 4002 1959 4043 ,
2026 3950 2314 4024 caelatas
2363 3950 2539 4022 ima-

163 4064 169 4071 '
294 4053 477 4151 gines
555 4055 772 4153 pietas
865 4052 1086 4128 dicere
1160 4050 1591 4152 Euripidem.
1696 4062 1765 4127 et
1841 4062 1946 4127 est
2018 4054 2146 4128 hoc
2236 4052 2534 4151 profecto

293 4158 598 4257 propriae
660 4157 1006 4231 verborum
1031 4156 1530 4279 ‘significationi
1588 4158 1687 4230 ita
1753 4156 2313 4232 accommodatum
2326 4207 2353 4248 ,
2431 4162 2533 4249 ut,

190 4324 196 4331 .
293 4262 419 4333 uisi
465 4268 668 4360 poeta
715 4269 892 4335 essct
942 4261 1054 4360 qui
1101 4263 1233 4335 ista
1274 4262 1573 4361 scripsit,
1626 4260 1844 4333 nullus
1910 4258 2296 4333 dubitationi
2344 4259 2535 4332 locus

295 4363 802 4465 relinqueretur.
856 4389 1080 4438 verum
1125 4364 1348 4464 poesis
1398 4365 1502 4439 his
1552 4363 1768 4437 verbis
1819 4371 1887 4436 et
1950 4363 2164 4461 pictas
2215 4362 2533 4459 imagines

297 4472 361 4540 nt
384 4461 704 4566 spculptas
752 4476 823 4543 et
868 4468 1036 4542 adeo
1086 4475 1338 4542 statuas
1389 4466 1611 4544 dicere
1652 4466 1895 4566 potuit,
1945 4467 2046 4642 sioc
2077 4466 2337 4563 quidem
2364 4490 2535 4540 con-
