3275 5317
889 457 1376 523 AEscHYLl
1415 451 1966 520 arsemina·
2419 450 2551 518 m

511 623 795 702 validum
840 623 1015 697 bello
1066 646 1214 720 par,
1264 598 1568 712 Atrid'ase,

358 729 459 806 45
514 729 796 805 classem
844 723 1167 823 Argivum
1215 723 1680 815 milleratitam,

512 856 712 931 grave
764 829 1187 930 praesidium,

614 936 832 1035 patria
881 933 1171 1007 eduxere
1215 929 1480 1022 relicta,

514 1062 855 1135 maguum
852 1062 961 1111 ex
1010 1036 1225 1109 auimo
1275 1033 1710 1126 vociferantes

511 1142 839 1234 Martem,
890 1140 1063 1213 uatis
1112 1146 1189 1211 ut
1236 1119 1503 1211 vulturii

363 1245 466 1322 50
515 1244 764 1344 raptis,
816 1243 972 1316 nido
1024 1243 1135 1341 qui
1186 1259 1386 1339 super
1425 1238 1572 1316 alto

519 1348 696 1446 gyris
744 1346 1019 1420 volitant

514 1449 774 1550 trepido
825 1450 1073 1521 alarum
1125 1470 1278 1521 eum
1324 1442 1626 1541 remgio,

518 1554 676 1653 quia
723 1552 1097 1653 pullipremi

619 1656 880 1731 cruciat
926 1655 1185 1728 iactura
1230 1649 1501 1724 laboris.

365 1760 474 1837 55
520 1756 621 1834 At
670 1760 753 1833 de
787 1758 1042 1858 superis
1092 1756 1196 1830 vel
1246 1754 1393 1852 quis
1443 1750 1715 1850 Apollo,

524 1863 626 1939 vel
674 1861 848 1955 Pan,
901 1862 1008 1934 vel
1053 1859 1390 1958 Iuppiter,
1439 1855 1729 1951 aligerae
1884 1914 1890 1918 .
2004 1858 2008 1862 ⁴

471 1959 706 2042 vocis
756 1972 991 2039 acutae
1039 1963 1385 2037 stridorem
1433 1958 1649 2049 audit,
1738 2039 1751 2057 ,

523 2070 850 2166 mittitque
901 2067 1056 2141 olim
1105 2067 1282 2164 rapti
1330 2083 1687 2136 memorem

628 2170 875 2245 Furiae
923 2169 1351 2288 peccantibus
1401 2166 1594 2238 iram

370 2280 472 2355 60
527 2273 654 2352 Sic
706 2282 775 2348 et
821 2271 1095 2347 Atridas
1146 2267 1410 2369 gravior
1458 2266 1703 2340 vindex

525 2381 709 2453 laeso
758 2376 1044 2474 hospitio
1092 2376 1166 2449 iu
1211 2373 1525 2447 Paridem
1572 2367 1776 2443 mttit

527 2481 851 2581 Iuppiter,
901 2503 1179 2553 uxorem
1229 2478 1312 2552 ob
1363 2473 1758 2548 multivii-am

528 2586 807 2658 multum
853 2607 1163 2655 manuum
1213 2600 1606 2675 saevumque
1655 2574 1852 2646 labo-

530 2714 673 2762 rem
720 2694 917 2784 atque
966 2687 1036 2756 iu
1088 2709 1322 2782 campo
1371 2675 1583 2753 flexos
1632 2674 1919 2776 poplites

376 2794 478 2870 65
531 2792 905 2886 &aetasque
956 2787 1180 2859 hastas
1230 2810 1351 2883 per
1400 2784 1725 2882 primores

638 2893 1127 2991 dispensaturus
1178 2886 1478 2979 Achivis,

535 2997 918 3093 Troiaeque
967 2992 1185 3066 simul„
1290 2987 1627 3087 Quidquid
1677 2994 1935 3085 gestum
1988 2991 2118 3076 est,

535 3109 612 3178 ut
658 3100 799 3174 fata
842 3097 1071 3170 iubent
1117 3093 1530 3194 perficietura

535 3230 670 3278 uon
719 3201 1036 3276 adolendo
1086 3223 1213 3272 nec
1260 3193 1523 3269 libando

385 3311 489 3385 70
537 3332 666 3382 nec
713 3302 1136 3379 lacrumando
1187 3300 1362 3373 haud
1408 3299 1537 3373 rite
1583 3297 1756 3373 litati

642 3410 930 3484 fervens·
949 3405 1319 3504 placabitur
1366 3403 1494 3476 ira.

540 3511 684 3589 Nos
733 3509 1037 3583 inhonori
1086 3508 1297 3600 senio,
1346 3505 1525 3580 illius
3232 3521 3258 3600 Α

540 3616 700 3690 belli
751 3613 964 3688 orbati
1012 3611 1207 3684 laude
1256 3633 1593 3682 manemus

544 3717 823 3811 resides,
873 3715 1104 3789 fulcris

392 3822 492 3898 75
543 3824 746 3897 robur
791 3819 1043 3920 puerile
1091 3815 1330 3916 pedum
1379 3814 1565 3888 fulti·
1545 3865 1568 3906 ‚

542 3948 822 4023 namque
870 3922 1165 3997 novellae
1213 3943 1412 4019 quum
1459 3942 1536 3992 se
1586 3917 1906 3992 extollunt

549 4029 751 4103 corde
800 4025 1147 4118 medullae,

548 4131 811 4206 senibus
859 4128 1105 4203 similes
1118 4173 1145 4221 9
1195 4146 1323 4199 uec
1370 4121 1592 4198 Marte
1640 4123 1897 4222 vigent·

554 4241 623 4309 et
671 4231 946 4308 canities
994 4229 1225 4304 fronde
1274 4227 1526 4302 caduca
1808 4267 1881 4334 f'

404 4342 505 4418 80
552 4336 841 4438 tripedes
892 4357 1157 4432 gressus
1205 4332 1429 4424 librat,
1478 4355 1688 4428 puero

555 4461 746 4540 ange
795 4437 1070 4515 debilior
1084 4487 1112 4532 ,
1161 4434 1502 4535 medioque
1547 4433 1660 4510 dis

3240 3623 3257 3678 A
