3275 5317
590 528 605 543 s
747 471 879 540 1⁹2
1451 470 1573 537 1)ss
1612 469 2246 541 FRAGMENTls

739 633 1046 736 Ὀρφέα,
1095 640 1207 734 τῷ
1255 628 1343 709 δὲ
1391 634 1730 736 νεωτέρῳ
1778 632 1920 732 τὴν
1967 631 2112 732 μὲν
2149 630 2570 732 ἐπιθυμίαν
2600 693 2964 717 ........

747 791 1208 817 ..........
1259 733 1614 835 ευμάτων
1688 741 2049 845 ἐμπεσεῖν.
2128 736 2258 814 καὶ
2338 736 2510 838 περὶ
2595 737 2744 836 τὴν
2789 734 2973 838 μου·

750 841 970 939 σικὴν
999 897 1365 917 ........
1391 836 1725 919 πάντων.
1806 841 1901 917 οὗ
1977 839 2134 938 μὴν
2205 836 2505 917 τοιοῦτό
2570 869 2663 945 γε
2715 841 2977 930 πάθος

755 1004 774 1021 .
805 1003 824 1022 .
857 1003 875 1023 .
905 1002 925 1022 .
955 1002 978 1040 ,f
1004 1001 1024 1021 .
1053 1001 1071 1019 .
1104 1001 1122 1018 .
1154 1002 1172 1020 .
1192 943 1579 1066 γενέσθαι.
1679 942 1897 1038 Haec,
1947 945 2008 1016 si
2035 943 2467 1019 Welckerum
2514 968 2589 1044 p.
2629 949 2806 1021 120.
2856 971 2977 1020 au-

749 1048 987 1142 dimus,
1040 1046 1140 1120 sic
1187 1046 1574 1144 mtegranda
1622 1054 1812 1120 sunt:
1877 1045 2009 1123 καὶ
2065 1044 2627 1144 Ἀσκληπιάδης
2696 1051 2782 1126 ἐν
2827 1054 2977 1135 τοῖς

739 1151 913 1250 περὶ
959 1147 1423 1246 δουλοσύνης
1484 1154 1679 1226 θεοῦ
1743 1148 2041 1234 πλείους
2102 1156 2236 1246 τῆς
2299 1146 2734 1247 Καλλιόπης
2795 1153 2979 1256 λέγει

740 1254 1019 1340 παῖδας
1068 1256 1154 1331 ἐν
1199 1250 1519 1338 τούτοις.
1567 1249 1955 1351 Καλλιόπῃ
1994 1248 2144 1355 γὰρ
2170 1252 2311 1330 τὸν
2348 1250 2810 1332 Ἀπόλλωνα
2854 1284 2978 1354 μι-

636 1440 645 1447 ,
731 1358 1032 1455 χθέντα
1079 1367 1438 1460 γεννῆσαι
1500 1353 1754 1432 Λίνον
1817 1353 1959 1433 τὸν
2020 1352 2536 1457 πρεσβύτερον
2601 1357 2739 1434 καὶ
2785 1363 2977 1458 τρεῖς

738 1462 896 1562 μετ’
951 1458 1262 1554 ἐκείνου,
1306 1458 1738 1558 Ὑμέναιον,
1795 1454 2130 1558 Ἰάλεμον
2191 1459 2321 1536 καὶ
2376 1460 2670 1561 Ὀρφέα
2690 1519 2711 1539 .
2737 1471 2849 1562 τῷ
2894 1458 2975 1538 δέ

750 1565 1089 1664 νεωτέρῳ
1139 1563 1282 1659 τὴν
1329 1560 1473 1662 μὲν
1523 1560 1944 1663 ἐπιθυμίαν
2005 1559 2538 1664 καθαρμάτων
2602 1564 2739 1641 καὶ
2785 1592 2976 1663 μαν-

652 1664 1149 1768 Πτευμάτων
1197 1669 1567 1764 ἐμπεσεῖν,
1618 1664 1750 1741 καὶ
1794 1665 1966 1766 περὶ
2011 1665 2153 1763 τὴν
2180 1666 2558 1765 μουσικὴν
2606 1667 2975 1771 περιγενέ-

751 1769 947 1849 σθαι
993 1767 1333 1860 πάντων,
1387 1769 1480 1846 οὗ
1529 1768 1687 1870 μὴν
1735 1765 2034 1846 τοιοῦτό
2084 1799 2170 1874 γε
2207 1765 2463 1855 πάθος
2488 1777 2656 1850 τῶν
2709 1771 2974 1871 ἑτέρων

738 1875 1122 1981 γενέσθαι.
1248 1870 1350 1946 At
1410 1874 1508 1947 ita
1567 1872 1735 1947 haec
1800 1873 2002 1947 scribi
2064 1896 2199 1947 non
2257 1880 2558 1973 possunt.
2683 1872 2861 1948 Nam
2904 1881 2974 1950 ut

739 1980 898 2079 μετ’
953 1975 1237 2055 ἐκείνου
1287 1976 1566 2071 mittam,
1619 2001 1813 2074 quem
1863 2000 2152 2050 errorem
2201 2000 2347 2050 esse
2389 1976 2770 2075 typothetae
2796 1985 2970 2077 puto,

739 2107 866 2156 nec
914 2106 1268 2156 memorem
1315 2079 1456 2156 τὸν
1503 2075 2021 2178 πρεσβύτερον
2071 2086 2140 2152 et
2187 2088 2298 2179 τῷ
2348 2080 2733 2181 νεωτέρῳ,
2786 2104 2969 2180 quae,

743 2186 805 2260 si
867 2186 1198 2284 appositas
1266 2182 1756 2276 adnotationes,
1836 2203 2047 2281 „pro
2114 2179 2863 2282 πρεσβύτατον(6
2909 2190 2973 2256 et

741 2339 798 2382 ,‚
817 2315 913 2365 νε
932 2316 1054 2363 ωτ
1071 2283 1179 2363 άτ
1197 2316 1302 2385 ῳ,
1364 2283 1694 2383 Orpheo,
1711 2288 1765 2330 ‘⁶
1815 2293 1997 2360 recte
2021 2285 2337 2383 intelligo,
2366 2286 2776 2362 defendenda
2816 2309 2971 2360 cen·-

743 2390 876 2463 suit
922 2390 1346 2481 Welckerus‚
1397 2390 1607 2486 primo
1660 2388 2228 2462 demonstrandum
2280 2398 2422 2463 erat
2433 2441 2460 2483 ,
2527 2415 2661 2489 quo
2713 2396 2971 2463 auctore
3116 2417 3123 2425 ·

742 2489 1180 2590 Asclepiadae
1220 2492 1533 2563 tribueret
1581 2489 1676 2565 τὰ
1705 2492 1875 2587 περὶ
1925 2487 2386 2587 δουλοσύνης
2428 2497 2649 2588 θεοῦ,
2698 2493 2813 2591 qui
2841 2491 2969 2581 sive

744 2594 1091 2692 singularis
1140 2594 1337 2667 liber.
1369 2593 1520 2687 fuit,
1572 2594 1710 2667 sive
1774 2617 1928 2692 pars
2004 2593 2722 2698 Τραγῳδουμένων,
2799 2600 2970 2671 certo
3099 2652 3102 2659 .
3213 2574 3214 2601 ¹

741 2722 876 2773 non
924 2699 1049 2792 sic,
1101 2697 1219 2771 sed
1268 2696 1486 2795 potius
1535 2695 1707 2794 περὶ
1755 2696 2097 2784 δουλείας
2120 2702 2348 2777 ,θεῶν
2379 2699 2485 2774 vel
2508 2708 2652 2777 τοῦ
2695 2691 2965 2774 Ἀπόλ-

743 2810 980 2886 λωνος
1030 2809 1172 2875 erat
1220 2800 1587 2874 dicendum.
1700 2798 2308 2905 Τραγῳδούμενα
2346 2810 2566 2875 autem
2595 2795 2964 2900 significari,

746 2929 1022 3004 quorum
1072 2905 1141 2977 in
1191 2911 1383 2977 sexto
1433 2904 1600 2978 libro
1651 2905 1816 2978 haec
1864 2905 2236 3003 perscripta
2282 2905 2546 2979 fuerunt
2559 2958 2585 2999 ‚
2653 2930 2742 2979 ex
2803 2901 2963 2973 Pin-

747 3009 890 3081 dari
939 3008 1290 3083 scholiasta
1341 3008 1763 3103 cognoscitur
1826 3008 1914 3080 ad
1977 3008 2173 3105 Pyth.
2223 3006 2352 3082 IV.
2420 3012 2600 3083 313.
2652 3007 2765 3080 ubi
2810 2997 2964 3076 Lini

743 3136 978 3184 nomen
1029 3111 1299 3184 excidit.
1403 3108 1597 3183 Conf.
1648 3110 2029 3184 Werferum
2076 3111 2147 3183 in
2196 3107 2358 3185 Act.
2407 3111 2684 3186 Monac.
2737 3109 2831 3182 Τ.
2867 3101 2959 3177 Π.

740 3212 914 3286 fasc.
979 3210 1110 3286 IV.
1172 3238 1245 3313 p.
1300 3210 1478 3286 516.
1594 3210 1855 3286 Deinde
1917 3214 2079 3307 illa,
2147 3212 2290 3310 τὴν
2352 3213 2774 3313 ἐπιθυμίαν
2831 3235 2959 3284 κα·-

745 3310 1176 3414 θαρμάτων
1226 3312 1354 3388 καὶ
1403 3311 1959 3412 μαντευμάτων
2010 3320 2378 3414 ἐμπεσεῖν,
2427 3316 2690 3415 linguae
2717 3311 2959 3411 legibus

745 3424 1132 3518 repugnant,
1182 3415 1348 3491 haec
1399 3425 1642 3511 autem,
1695 3418 1787 3494 οὗ
1837 3418 1994 3516 μὴν
2040 3417 2339 3497 τοιοῦτό
2389 3449 2476 3523 γε
2505 3418 2761 3503 πάθος
2806 3420 2956 3491 τῶν

744 3523 1019 3622 ἑτέρων
1065 3520 1449 3624 γενέσθαι,
1503 3521 1701 3594 etiam
1749 3522 2066 3596 inutiliter
2114 3523 2334 3598 addita
2383 3547 2571 3618 esse,
2621 3524 2962 3629 inepteque

746 3648 897 3700 cum
943 3624 1479 3723 praecedentibus
1529 3625 1859 3724 copulata,
1909 3634 2047 3699 tam
2095 3634 2390 3725 apertum
2417 3635 2543 3721 est,
2593 3634 2671 3701 ut
2696 3625 2957 3698 demon·

746 3728 1058 3803 stratione
1107 3752 1238 3801 non
1287 3727 1598 3825 indigeat.
1677 3725 1776 3802 Et
1823 3752 2038 3803 sermo
2090 3739 2158 3804 et
2206 3730 2527 3804 sententia
2573 3736 2754 3804 recte
2783 3724 2958 3822 'pro-

745 3832 961 3926 cedet,
1011 3831 1071 3905 si
1120 3831 1219 3905 sic
1269 3830 1408 3904 fere
1446 3830 1792 3930 scripsisse
1819 3829 2282 3933 Asclepiadem
2303 3833 2673 3933 putabimus
2687 3857 2710 3904 ε
2760 3830 2954 3905 Καλ-

745 3931 964 4032 λιόπῃ
1011 3931 1162 4037 γὰρ
1211 3932 1350 4010 τὸν
1407 3931 1856 4015 Ἀπόλλωνα
1918 3938 2293 4037 μιχθέντα
2356 3932 2714 4039 γεννῆσαί
2774 3949 2952 4029 φασι

742 4038 991 4117 Λίνον
1040 4036 1180 4115 τὸν
1228 4036 1780 4140 πρεσβύτατον,
1829 4041 1959 4117 καὶ
2004 4048 2203 4141 τρεῖς
2224 4042 2380 4140 μετ’
2409 4044 2714 4126 ἐκεῖνον,
2755 4026 2950 4132 Ὑμὲ*

743 4167 1000 4233 ναιον,
1037 4136 1438 4240 χἹάλεμον,
1505 4141 1785 4244 Ὀρφέα
1804 4156 1856 4182 ·’
1898 4153 2010 4244 τῷ
2073 4142 2159 4220 δὲ
2207 4140 2574 4243 ,νεωτάτῳ
2633 4140 2772 4238 τὴν
2814 4128 2948 4234 μὲν

746 4243 1162 4342 ἐπιθυμίαν
1212 4244 1574 4347 ὀλεθρίαν
1625 4248 2052 4347 ἀποβῆναι,
2100 4247 2200 4344 ἣν
2248 4247 2459 4348 αὐτῷ
2507 4253 2666 4323 τῶν
2713 4244 2946 4328 ἐπιτη-

742 4345 1151 4446 δευμάτων
1201 4352 1570 4448 ἐμπεσεῖν,
1621 4350 1715 4428 οὗ
1762 4349 1918 4450 μὴν
1965 4346 2265 4430 τοιοῦτό
2314 4380 2401 4454 γε
2449 4345 2744 4435 πάθος,
2792 4336 2947 4417 θῖθν

697 4520 702 4525 .
747 4450 1047 4555 λέγουσί
1091 4481 1313 4541 τινες,
1367 4454 1605 4533 αὐτοῦ
1654 4452 2032 4556 γενέσθαι.
