3275 5317
751 488 883 556 316
1686 487 2054 551 ORATIO

750 677 891 725 rem
940 650 1083 725 fore
1135 657 1378 749 speret.
1493 646 1727 722 Nulla
1762 658 1864 723 est
1922 658 2140 723 autem
2203 671 2357 745 pars
2369 700 2395 741 ,
2459 648 2710 720 nullum
2776 672 2980 745 genus

752 756 1091 848 scientiae,
1140 756 1213 826 in
1263 779 1391 851 quo
1440 778 1597 846 non,
1653 753 1764 852 qui
1813 754 2062 825 naviter
2103 752 2437 824 elaborare
2468 752 2770 844 voluerit,
2823 776 2984 849 per-

743 859 955 931 multa
1003 858 1091 929 sit
1137 859 1538 949 inventuruS,
1592 879 1758 953 quae
1810 855 2060 974 agenda
2118 855 2453 974 reliquerit
2517 855 2816 952 superior
2867 878 2987 925 ae-

748 962 880 1033 tasss
981 959 1139 1058 Ipsa
1185 961 1301 1030 illa
1350 959 1789 1032 doctrinarum
1841 960 2125 1031 omnium
2174 959 2480 1056 princeps
2496 1010 2521 1050 ,
2575 982 2771 1054 quam
2837 981 2990 1029 ma-

748 1063 965 1136 thesin
1028 1070 1303 1154 vocant,
1382 1064 1568 1134 cuius
1635 1071 1937 1135 aeternae
2018 1069 2169 1133 sunt
2243 1069 2308 1133 et
2384 1060 2817 1132 immutabiles
2885 1061 2991 1131 le-

751 1192 894 1264 geS,
948 1167 1135 1240 cuius
1185 1166 1350 1239 haec
1399 1166 1591 1262 plane
1640 1164 2165 1263 incomparabilis
2217 1164 2423 1235 virtus
2454 1171 2593 1255 est,
2648 1163 2824 1259 quod
2880 1179 2992 1234 er-

749 1295 968 1344 rorem
1017 1293 1271 1342 omnem
1323 1270 1404 1340 ab
1458 1294 1529 1340 se
1580 1278 1905 1365 segregat,
1958 1276 2026 1340 et
2079 1267 2386 1364 quidquid
2436 1267 2586 1339 novi
2634 1267 2707 1337 in
2772 1267 2991 1340 lucem

733 1374 1028 1472 profert,
1078 1374 1150 1444 id
1214 1373 1410 1444 etiam
1472 1397 1699 1445 verum
1760 1396 1906 1444 esse
1968 1370 2330 1443 admirabili
2395 1370 2512 1441 illa
2573 1371 2994 1442 numerorum

753 1477 1007 1549 ratione
1058 1477 1337 1565 evincat,
1391 1500 1558 1572 quae
1604 1481 1743 1549 'tam
1796 1475 2080 1546 divinum
2130 1473 2285 1570 quid
2349 1497 2495 1546 esse
2558 1497 2691 1544 non
2754 1473 2996 1546 imme-

754 1580 883 1652 rito
934 1580 1077 1652 visa
1126 1587 1227 1651 est
1275 1577 1711 1674 Pythagorae,
1763 1603 2065 1651 numeros
2114 1578 2225 1648 ille
2275 1584 2351 1649 ut
2421 1601 2638 1648 rerum
2703 1575 2995 1648 omnium

757 1707 903 1755 esse
953 1682 1277 1780 principia
1326 1689 1394 1753 et
1444 1682 1629 1779 quasi
1681 1682 1951 1773 semina,
2004 1706 2090 1753 ex
2142 1679 2372 1775 quibus
2425 1678 2791 1781 composita
2820 1688 2997 1753 esset

755 1786 1057 1859 universa
1106 1784 1328 1856 mundi
1377 1784 1700 1877 machina,
1755 1793 2086 1874 censeret3
2138 1781 2367 1855 Plato
2388 1791 2629 1875 autem,
2680 1783 2752 1853 in
2804 1808 2996 1855 men-

749 1896 820 1961 te
868 1890 1151 1960 humana
1198 1885 1435 1959 infixas
1486 1912 1632 1960 esse
1686 1887 2129 1961 arithmeticae
2192 1893 2261 1962 et
2323 1887 2716 1983 geometriae
2781 1887 2996 1959 ratio·-

747 2017 868 2065 nes
916 1992 1309 2087 intelligens,
1361 1990 1765 2063 recordando
1816 1991 2192 2064 memoriam
2244 2014 2467 2062 earum
2481 2041 2507 2082 ,
2559 2011 2726 2087 quae
2780 1990 2998 2087 sopita

748 2096 822 2169 in
891 2095 1105 2168 animo
1169 2096 1451 2187 iaceret,
1521 2094 1709 2192 quasi
1773 2120 1858 2167 ex
1922 2119 2148 2167 somno
2215 2093 2521 2166 suscitari
2585 2092 2993 2165 ostenderet:

753 2224 839 2272 ac
902 2198 1162 2270 tametsi
1227 2198 1396 2270 hanc
1483 2197 1844 2270 doctrinam
1922 2199 2001 2270 ab
2065 2204 2166 2270 tot
2239 2198 2505 2269 summis
2566 2198 2848 2293 ingeniis
2914 2196 2996 2267 ad

729 2302 1135 2383 ,incredibile
1187 2300 1507 2398 quoddam
1572 2301 1904 2396 fastigium
1958 2308 2273 2379 ‚evectam
2333 2300 2621 2373 videmus
2638 2352 2663 2392 ,
2744 2308 2991 2392 tamen,

756 2429 884 2502 quo
942 2405 1026 2476 ad
1078 2404 1485 2480 obscuriores
1554 2404 1694 2475 eius
1765 2429 1913 2476 oras
1964 2403 2230 2496 accedi,
2311 2430 2439 2501 quo
2505 2403 2879 2476 subtiliores
2931 2410 2998 2476 et

752 2507 1219 2604 implicatiores
1255 2506 1394 2577 eius
1445 2506 1732 2578 rationes
1785 2507 2052 2580 enodari
2103 2508 2454 2601 cernimuS,
2506 2532 2585 2580 eo
2621 2507 2838 2578 minus
2871 2506 2995 2578 du-

753 2610 951 2683 bitari
1003 2617 1242 2706 potest,
1297 2609 1451 2706 quin
1498 2609 1665 2681 haec
1717 2635 1971 2708 quoque
2036 2611 2314 2682 scientia
2362 2636 2494 2684 non
2556 2633 2771 2682 secus·
2804 2633 2994 2706 quam

753 2714 902 2812 ipsa
952 2737 1171 2785 rerum
1220 2721 1453 2784 natura
1499 2709 1754 2784 infinita
1805 2714 1917 2806 sit,
1969 2713 2161 2811 idque
2212 2737 2344 2785 non
2373 2715 2583 2786 solum
2620 2738 2822 2810 quum
2874 2712 2996 2785 ad-

754 2818 1015 2889 hibetur
1080 2816 1165 2888 ad
1243 2816 1527 2887 siderum
1606 2825 1857 2889 meatus
1938 2816 2372 2913 explorandos
2453 2824 2568 2888 aut
2612 2841 2996 2914 corporum

755 2920 1232 3018 magnitudines
1298 2920 1594 3016 viresque
1672 2919 2027 2992 metiendos
2048 2971 2075 3011 ,
2142 2920 2280 3002 sed,
2326 2920 2522 2992 etiam
2587 2945 2785 3017 quum
2851 2921 2998 3019 ipsa

668 3075 674 3084 ι
756 3048 877 3123 per
928 3049 1000 3097 se
1052 3031 1409 3121 spectatur,
1462 3022 1805 3119 legumque
1857 3023 1996 3094 eius
2047 3023 2388 3119 multiplex
2454 3024 2826 3120 explicatur
2875 3048 2997 3096 va-

758 3129 987 3200 rietas·
1125 3128 1312 3219 Quae
1378 3133 1596 3199 autem
1679 3126 1741 3199 ei
1824 3127 2349 3204 coniunctissima
2412 3133 2515 3198 est
2578 3126 2996 3223 physicorum

759 3254 869 3302 ars
921 3238 988 3299 et
1038 3230 1310 3301 scientia
1322 3279 1347 3319 ,
1402 3250 1443 3298 a
1494 3251 1686 3325 quam
1735 3230 1951 3326 parvis
2017 3253 2334 3328 quamque
2399 3230 2701 3302 tenuibus
2768 3231 2997 3328 profe-

629 3438 638 3442 ,
749 3339 873 3404 cta
920 3330 1122 3401 initiis
1175 3331 1287 3401 ad
1309 3354 1498 3427 quem
1550 3340 1805 3403 vastum
1855 3341 2127 3405 extensa
2188 3339 2290 3405 est
2355 3319 2703 3426 ambitum,
2760 3357 2998 3430 quam-

758 3458 887 3532 que
939 3459 1071 3507 non
1136 3433 1349 3507 dicam
1415 3434 1758 3532 quotannis
1775 3486 1800 3527 ,
1875 3436 1988 3507 sed
2055 3460 2221 3533 pene
2286 3437 2571 3533 quotidie
2635 3437 2997 3509 sollertium

760 3537 1047 3611 virorum
1096 3537 1422 3609 indefessa
1472 3560 1672 3634 opera
1721 3538 2202 3636 ingeniosisque
2255 3537 2546 3611 artificiis
2576 3564 2745 3612 nova
2774 3565 2996 3613 rerum

757 3629 1103 3733 elementa,
1155 3666 1355 3713 novas
1407 3650 1678 3713 naturae
1731 3642 1960 3713 virium
2009 3644 2414 3738 cognitiones
2466 3651 2660 3741 atque
2705 3641 2997 3716 affinita-

760 3754 887 3836 tes,
940 3768 1139 3815 novas
1192 3752 1259 3816 et
1308 3745 1676 3841 inopinatas
1745 3768 2014 3817 caussas
2083 3754 2277 3843 atque
2343 3745 2715 3819 effectiones
2783 3748 2999 3844 aperit

695 3875 698 3878 ·
763 3855 833 3946 et
885 3846 1064 3919 clara
1113 3847 1184 3919 in
1233 3848 1381 3920 luce
1434 3847 1928 3944 conspiciendas
1980 3851 2272 3946 exponit,
2325 3849 2421 3921 ita
2471 3858 2545 3922 ut
2595 3850 2703 3923 hic
2758 3850 2832 3922 in
2866 3875 2997 3948 quo

759 3950 1032 4023 vivimus
1085 3951 1259 4023 orbis
1311 3959 1628 4023 terrarum
1678 3951 1748 4023 in
1770 3954 1909 4025 dies
1934 3954 2166 4049 magis·
2194 3960 2514 4049 patescat,
2567 3960 2634 4025 et
2679 3953 2812 4024 iam
2866 3979 2996 4027 non

760 4079 842 4126 ea
890 4061 1164 4147 tantum,
1219 4079 1383 4152 quae
1435 4055 1640 4126 oculis
1690 4055 2038 4149 intuemur,
2090 4056 2334 4127 rectius
2384 4055 2714 4128 videamur
2741 4081 2996 4153 eogno-

757 4181 975 4250 scere,
1026 4158 1142 4229 sed
1190 4158 1351 4230 illud
1402 4182 1656 4256 quoque
1720 4169 1933 4233 mente
2001 4183 2464 4256 assequamur,
2543 4183 2707 4257 quae
2773 4161 2995 4234 multis

762 4268 913 4332 ante
962 4261 1311 4335 humanum
1346 4285 1579 4380 ‘genus
1647 4264 1885 4335 seculis
1949 4262 2151 4334 facies
2215 4270 2288 4335 et
2351 4263 2537 4359 quasi
2600 4262 2734 4334 vita
2796 4263 2995 4336 fuerit

762 4361 954 4434 huius
1003 4365 1203 4460 globi,
1257 4364 1443 4437 cuius
1490 4374 1820 4439 recentem
1871 4373 1939 4438 et
1986 4390 2196 4463 nuper
2243 4365 2500 4437 demum
2551 4372 2759 4439 ortam
2799 4366 2994 4439 inco-

761 4462 958 4538 limus
1007 4466 1437 4565 superficiem.
1540 4468 1727 4542 Tum
1772 4469 1924 4562 illa,
1977 4492 2170 4567 quam
2216 4469 2567 4546 historiam
2630 4469 2994 4544 naturalem
