3275 5317
821 462 1302 565 numos-113
1345 484 2066 571 chornnoms
2435 506 2568 573 24⁷

329 672 655 763 oporteat.
702 661 1032 738 Credibile
1057 674 1160 738 est
1181 690 1486 739 numeros
1512 665 1880 763 adscriptos
1912 655 2114 740 fuisse
2135 699 2182 743 α
2165 664 2301 766 'sj'ss
2332 671 2561 767 quibus

326 766 750 842 construendi
771 768 940 843 ratio
988 768 1424 842 indicaretur.
1478 794 1642 866 quos
1692 768 1995 842 librarius
2029 770 2262 867 aliquis
2314 774 2559 847 ordinis

323 879 518 943 notas
569 895 715 944 esse
777 879 1057 968 putans,
1126 897 1255 969 quo
1322 871 1669 945 scribenda
1734 880 1954 946 essent
2017 875 2251 968 verba,
2320 875 2562 951 iustum

326 973 623 1046 ordinem
690 974 984 1048 mutavit.
1120 974 1501 1048 Certissime
1571 999 1725 1048 vero
1811 973 1920 1049 hic
1999 1001 2257 1075 quoque
2338 1003 2561 1053 versus

325 1076 636 1170 ostendit,
691 1078 993 1151 criticum
1041 1079 1216 1152 ultra
1265 1078 1567 1153 codicum
1616 1076 1809 1150 fidem
1860 1078 2097 1152 debere
2146 1080 2478 1180 progredi.

531 1211 628 1290 V.
688 1218 907 1291 1162.

512 1447 518 1453 ,
634 1357 975 1455 λαθραῖα
1024 1353 1492 1431 κᾶκκέλευθα
1540 1350 2150 1455 παπταλώμεναι.

320 1488 784 1564 Bachmannus
848 1492 1114 1565 scribitx
1187 1493 1511 1569 κᾶκέλε
1532 1497 1729 1580 υθα
1795 1490 1986 1565 Pam.
2039 1491 2131 1566 A.
2199 1486 2374 1566 Non
2438 1493 2564 1567 in-

321 1591 451 1664 via
519 1603 602 1665 et
661 1593 1059 1667 thoe-cessa
1124 1595 1714 1692 (ἅκὲλευθα),
1796 1594 1933 1666 sed
1996 1594 2217 1669 devia
2269 1597 2566 1690 (ἐκκέ-

321 1705 412 1772 ze
428 1727 478 1773 v
494 1700 561 1771 θ
577 1694 658 1792 α)
711 1695 1217 1796 quaerebant:
1274 1698 1618 1771 occultas
1670 1698 2004 1792 semitae,
2058 1698 2325 1798 qmbus-
2366 1698 2564 1774 clam

303 1811 841 1909 prorepentes
883 1800 1193 1873 Troiam
1231 1802 1755 1903 pervenirent.
1831 1801 2017 1873 Sola
2048 1802 2259 1875 Educ.
2288 1801 2559 1877 Reae-h.

277 1913 532 1988 ,recte
606 1900 1226 1993 κάκκέλευθα,
1311 1903 1674 2004 reliquae
1739 1906 2330 1982 κακκὲλευθα
2397 1906 2562 1979 sine
2659 1954 2666 1960 -

322 2005 712 2082 coronide.
854 2006 1087 2105 Itaque
1170 2009 1366 2082 etiam
1448 2008 1711 2081 codices
1779 2017 2046 2106 praeter
2110 2008 2296 2082 illum
2361 2034 2564 2082 unum

318 2111 787 2189 κακκέλευθα
837 2112 1100 2185 habent.
1203 2109 1612 2186 Scholiastes
1665 2111 1915 2185 codicis
1965 2110 2127 2186 Par.
2153 2110 2246 2187 A.
2297 2111 2368 2184 id
2391 2113 2565 2210 quod

318 2215 388 2287 in
440 2214 681 2288 codice
725 2224 828 2290 est
889 2215 1212 2312 agnoscit.
1316 2212 1415 2288 At
1480 2215 1540 2286 si
1600 2214 2171 2313 interpretationes
2254 2216 2564 2290 conside-

320 2326 537 2392 rasset
585 2316 1078 2410 BachmannuS,
1133 2340 1296 2415 qnos
1350 2342 1437 2390 ex
1488 2317 1635 2388 aliis
1688 2317 1940 2390 duobus
1992 2319 2329 2392 codicibus
2381 2328 2565 2423 attu-

321 2419 423 2513 lit,
475 2420 672 2497 κατὰ
725 2417 978 2508 ὁδούς,
1032 2420 1227 2496 κατὰ
1277 2420 1415 2504 τὰς
1467 2416 1722 2512 ὁδούς,
1774 2445 1909 2493 non
1975 2414 2336 2496 dubitasset
2407 2418 2564 2519 quin

319 2547 477 2596 vera
500 2532 674 2598 esset
700 2531 1107 2599 caeterorum
1135 2524 1438 2598 codicum
1489 2531 1555 2597 et
1607 2524 1964 2597 editionum
2017 2527 2352 2625 scriptura
2367 2578 2393 2619 ,
2447 2551 2563 2600 se-

319 2627 568 2725 paratis
642 2636 720 2702 ut
792 2628 986 2701 hodie
1062 2629 1376 2701 usitatum
1438 2627 1746 2724 syllabis,
1820 2631 2181 2728 λαθραῒα.
2225 2628 2375 2706 κὰκ
2406 2692 2409 2694 ,
2441 2630 2561 2704 κέ-

324 2733 610 2806 λευθα.“

525 2830 619 2905 V.
680 2835 904 2904 1192.
969 2831 1056 2903 ad
1116 2841 1275 2909 τῶν
1348 2829 1721 2930 Ὃφίωνος
1802 2829 2122 2928 θρόνων
2188 2833 2564 2915 adnotatum

322 2944 448 3030 est,
502 2960 635 3025 uno
687 2936 758 3007 in
809 2934 1039 3008 codice
1090 2937 1175 3008 a'd
1227 2965 1288 3009 ω
1337 2936 1409 3006 in
1450 2933 1823 3032 Ὄφίωνος
1866 2935 2381 3033 superscriptum
2408 2960 2554 3009 esse

323 3070 389 3114 ο.
500 3037 804 3112 Conferri
853 3036 1113 3110 iubetur
1164 3037 1424 3111 Potteri
1450 3037 1808 3110 adnotatio.
1914 3035 2013 3112 At
2060 3037 2376 3113 Potterus
2427 3064 2561 3112 non
2683 3052 2686 3057 '

320 3143 402 3215 de
467 3142 682 3215 foma
744 3140 1023 3215 nominis
1091 3141 1434 3233 disseruit,
1504 3141 1621 3214 sed
1682 3140 1754 3212 iu
1816 3141 1984 3214 locis
2048 3142 2129 3213 ab
2197 3166 2276 3215 eo
2346 3142 2558 3215 allatis

319 3246 597 3319 duorum
648 3244 1170 3337 scholiastarum,
1223 3245 1456 3342 quibus
1508 3243 1661 3316 addi
1709 3252 1987 3341 possunt
2033 3243 2308 3318 Homeri
2358 3245 2561 3318 scho-

320 3349 553 3422 liastae
604 3348 690 3420 ad
738 3346 932 3420 Eiad.
984 3347 1184 3420 vm.
1239 3351 1418 3421 479.
1514 3345 1856 3446 Ὄφίωνα
1913 3348 2244 3445 scriptum
2298 3349 2558 3444 legitur.

319 3451 543 3547 Nihilo
566 3451 783 3525 minus
807 3448 1207 3549 Lycophron
1258 3450 1620 3524 censendus
1666 3460 1768 3524 est
1809 3450 2158 3550 Ὃφίονος
2186 3451 2557 3550 scripsisse,

320 3580 516 3652 quum
568 3555 641 3627 in
688 3551 979 3650 Etymol.
1031 3554 1133 3627 M.
1185 3579 1257 3652 p.
1311 3557 1490 3647 471,
1547 3555 1672 3627 51.
1718 3553 1953 3638 Ἰξίων
2005 3562 2072 3627 et
2129 3553 2385 3652 Ἰφίων
2448 3554 2559 3626 in-

319 3668 422 3731 ter
488 3684 565 3731 se
635 3666 1096 3809 cornparentur
1107 3710 1133 3751 ,
1201 3658 1515 3756 testisque
1565 3659 1655 3780 sit
1706 3654 1985 3730 Ovidius
2034 3657 2311 3732 Metam.
2385 3655 2581 3729 XII.

540 3896 923 3997 primus
962 3892 1446 3995 *Ophwm‘des
1499 3895 1853 3992 Achus.

326 4031 653 4111 Credibile
705 4045 806 4109 est
857 4036 1082 4135 epicos
1134 4042 1201 4108 et
1243 4032 1616 4132 Ὄφίωνος
1669 4042 1737 4109 et
1794 4033 2182 4135 Ὀφίονος,
2237 4044 2309 4107 111
2358 4041 2561 4131 Κρο-

323 4137 594 4223 νίωνος
645 4147 713 4213 et
760 4138 1169 4235 Κρονίονος
1219 4138 1490 4231 dixisse,
1542 4146 1756 4238 prout
1788 4140 2193 4238 corriperent
2232 4137 2347 4209 vel
2396 4161 2559 4236 pro-

325 4236 637 4317 ducerent
687 4272 739 4317 ι.
842 4240 958 4316 Ex
1009 4268 1135 4341 quo
1188 4242 1481 4340 sequitur
1513 4242 1827 4316 iambicos
1857 4267 2082 4319 versus
2133 4241 2260 4313 sibi
2300 4238 2558 4341 Ὀφίο-

329 4373 454 4430 νος
504 4353 583 4420 ut
623 4342 967 4443 Ἐχίονος
1017 4345 1371 4419 vindicare.

528 4481 624 4557 V.
686 4483 909 4559 1353.
958 4482 1419 4557 Baclnnannus
1471 4481 1705 4555 edidit.
