3275 5317
812 464 934 531 AD
976 463 2016 535 FRANC.SP1TZNERVM.
2229 459 2238 469 ’
2440 463 2536 536 40

293 625 413 706 tibi
454 625 709 728 placet,
758 651 962 729 saepe
1009 626 1186 703 idem
1234 631 1388 704 cum
1436 628 1632 706 κατὰ
1679 626 2078 726 significare,
2132 633 2202 702 et
2226 626 2527 726 denique,

293 730 464 830 quod
513 755 604 804 ex
650 729 756 803 his
805 731 1104 805 omnibus
1155 733 1471 830 sequitur,
1524 730 1820 806 ordinem
1850 729 2395 828 significationum
2422 757 2529 806 me

290 834 568 932 probare
619 834 844 906 alium.
949 835 1283 927 Quocirca
1330 858 1546 967 pauca
1591 843 1844 909 tantum
1885 835 2223 931 attingam.
2275 832 2364 907 Ρ.
2399 837 2525 908 27.

287 935 414 1009 hoc
467 936 701 1029 Quinti
748 934 880 1030 IV,
934 937 1110 1010 254.
1176 937 1369 1013 κατὰ
1414 936 1709 1034 χθονὸς
1774 932 2010 1022 οὖδας
2061 934 2439 1048 ἐρείδων
2416 962 2528 1008 ιιι-

285 1039 670 1137 terpretaris
737 1038 845 1111 ad
907 1033 1205 1112 {erram
1268 1064 1442 1113 ewm
1502 1039 1901 1134 afflegem.
2016 1037 2098 1113 Id
2161 1064 2394 1114 vereor
2454 1046 2530 1113 ut

285 1150 469 1215 reete
520 1142 792 1215 dixeris.
894 1141 1301 1218 Describcns
1350 1143 1464 1218 ille
1527 1145 1778 1218 luctam
1841 1141 2076 1217 Aiacis
2127 1151 2196 1217 et
2244 1142 2529 1216 Diome-

285 1244 386 1317 dis
430 1244 540 1320 sio
588 1245 912 1343 loquitur.

489 1381 631 1459 τὸν
680 1380 761 1457 δ’
814 1386 1010 1467 Αἴας
1033 1376 1531 1480 καθύπερθεν
1568 1355 2074 1479 ἐπεσσύιιενον
2097 1382 2270 1457 ποτὶ
2293 1386 2526 1509 γαῖαν

490 1488 569 1573 ἐξ
619 1486 854 1586 ὤμων
903 1484 1267 1573 ἐτίνασσε,
1319 1483 1514 1560 κατὰ
1559 1482 1856 1581 χθονὸς
1905 1478 2140 1569 οὖδας
2192 1483 2521 1583 ἐρείδων.

285 1620 379 1697 At
425 1645 565 1697 non
612 1623 965 1722 prostravit
1009 1622 1193 1694 Aiax
1240 1619 1659 1707 Diomedem,
1708 1628 1787 1695 ut
1834 1646 1925 1695 ex
1969 1622 2055 1695 iis
2096 1630 2304 1720 patet,
2357 1643 2527 1720 quae

239 1769 252 1786 ·
285 1734 666 1857 sequuntur.
772 1725 968 1819 Quod
1021 1725 1080 1797 si
1130 1725 1230 1797 sic
1280 1723 1548 1822 scripsit
1598 1724 1921 1818 Quintus,
1977 1723 2172 1801 κατὰ
2237 1750 2370 1799 ιιοιι
2424 1735 2526 1800 est

285 1852 436 1903 eum
506 1824 740 1913 οὖδας
805 1827 1351 1919 construendum,
1436 1825 1557 1899 sed
1621 1826 1792 1899 dixit
1867 1822 2103 1911 οὖδας
2185 1827 2521 1926 ἐρείδων,

269 1953 634 2032 premens
685 1930 952 2023 solum,
1002 1930 1199 2028 idque
1249 1928 1444 2004 κατὰ
1485 1924 1818 2023 χθονός,
1891 1940 2172 2004 contra
2223 1940 2521 2003 terram

282 2033 540 2108 mirus.
640 2032 816 2108 Vide
877 2058 1033 2107 vero
1101 2057 1186 2104 an
1233 2031 1611 2130 scripserit,
1677 2030 1870 2108 κατὰ
1928 2033 2219 2128 χθονὸς
2285 2030 2521 2119 οὖδας

281 2138 635 2234 ἐρείδειν,
715 2159 861 2234 quo
927 2134 1056 2208 ille
1119 2132 1344 2207 lemni
1403 2133 1743 2207 deiectus
1805 2134 2050 2208 sobam
2095 2147 2519 2235 premeret.

280 2235 454 2315 Nam
505 2241 606 2315 sic
657 2265 913 2338 quoque
964 2238 1159 2314 κατὰ
1218 2237 1470 2335 χθονο
1477 2267 1513 2322 ς
1576 2238 1905 2336 iungenda
1966 2248 2154 2339 puto.
2256 2239 2519 2315 Deinde

281 2353 347 2435 ς.
408 2346 556 2438 15.
608 2343 723 2415 ubi
773 2342 926 2419 ἀνὰ
980 2351 1048 2417 et
1095 2341 1288 2418 κατὰ
1342 2341 1570 2415 eodem
1636 2340 2010 2439 significatu
2059 2367 2206 2416 esse
2257 2368 2517 2438 censes,

281 2447 454 2545 quod
506 2472 579 2545 p.
631 2450 756 2519 29.
809 2445 933 2539 ais,
986 2445 1099 2519 ubi
1145 2444 1341 2522 κατὰ
1395 2452 1464 2518 et
1514 2444 1665 2520 ἀνὰ
1733 2445 2184 2543 duplicentur,
2238 2449 2519 2521 orationi

32 2575 35 2594 *
174 2611 182 2620 .
281 2552 384 2623 vel
433 2551 693 2649 copiam
745 2549 848 2623 vel
894 2549 1428 2649 perspicuitatem
1478 2547 1699 2620 afferri
1714 2599 1739 2641 ,
1808 2549 1891 2635 de
1941 2551 2137 2649 copia
2186 2552 2515 2624 concedo.

228 2703 233 2709 ·
281 2654 640 2727 concedam
690 2652 888 2726 etiam
931 2652 1019 2726 de
1068 2651 1534 2772 perspicuitate
1548 2701 1574 2744 ‚
1642 2651 1702 2724 si
1751 2676 2008 2727 mecum
2076 2652 2336 2727 differre
2385 2680 2517 2753 po-

280 2765 550 2831 testates
598 2756 831 2828 harum
879 2756 1433 2854 praepositionum
1485 2754 1818 2828 statueris.
1919 2752 2140 2830 Affers
2190 2756 2395 2830 haec·

377 2876 495 2961 τίς
546 2874 629 2951 δ’
683 2869 903 2959 οὗτος
953 2873 1146 2951 κατὰ
1200 2882 1388 2971 νῆας
1439 2872 1593 2949 οἷνα
1646 2872 1976 3003 στρατὸν
2026 2904 2272 2974 ερχεαι
2322 2876 2515 2966 οἷος;

377 2976 673 3081 Κύρνε,
739 2980 916 3054 καθ’
980 2975 1298 3053 Ελλάδα
1342 2985 1496 3082 γῆν
1560 2972 2116 3107 στρωφώμενος
2177 2977 2307 3074 ἠδ’
2364 2980 2518 3058 ἄνα

404 3145 415 3148 7
1499 3074 1797 3176 νήσους.

282 3161 464 3295 Quae
517 3200 578 3273 si
641 3201 743 3274 sic
794 3201 971 3274 dicta
1020 3206 1196 3292 sunt,
1248 3206 1325 3273 ut
1376 3199 1525 3282 ἀνὰ
1578 3208 1767 3280 recta
1813 3206 2192 3298 pergentem
2220 3200 2514 3295 denotet,

279 3304 465 3380 κατὰ
520 3311 737 3376 autem
790 3305 860 3376 id
908 3328 1043 3376 non
1107 3300 1517 3401 adsignificet
1528 3353 1554 3396 ‚
1621 3311 1765 3377 tum
1828 3303 2136 3376 distincte
2184 3304 2285 3376 illi
2332 3305 2514 3402 loqui

278 3403 682 3481 videbuntur.
784 3406 1020 3504 Neque
1082 3431 1242 3479 vero
1313 3405 1463 3484 οἷνά
1493 3488 1496 3492 ,
1532 3406 1798 3504 θυμὸν
1850 3413 1919 3478 et
1983 3404 2179 3481 κατὰ
2245 3402 2538 3505 θυμὸν

279 3510 502 3584 eadem
551 3517 729 3583 sunt.
828 3509 1004 3583 Nam
1056 3509 1206 3585 ἀνὰ
1257 3508 1524 3607 θυμὸν
1589 3510 1673 3582 de
1745 3508 1961 3582 studio
2028 3509 2162 3582 dici
2230 3509 2510 3604 videtur,

279 3614 448 3713 quod
500 3613 689 3711 quasi
739 3620 967 3709 surgat
1028 3612 1098 3684 iu
1163 3613 1420 3704 animo;
1486 3612 1683 3689 κατὰ
1731 3611 2000 3710 θυμὸν
2076 3619 2294 3686 autem
2361 3637 2515 3686 cum

275 3716 356 3790 iis
401 3717 544 3790 fere
596 3715 809 3789 verbis
860 3714 1168 3811 coniungi
1217 3715 1508 3789 videmus
1521 3768 1546 3809 ,
1613 3740 1783 3813 quae
1834 3714 2295 3812 cogitationem
2308 3767 2335 3808 ,
2387 3717 2512 3789 de-

274 3820 722 3894 liberationem
735 3870 761 3911 ,
828 3841 1048 3892 curam
1068 3870 1093 3911 ,
1177 3817 1682 3893 sollicitudinem
1743 3816 2115 3915 significant
2127 3870 2152 3911 ,
2232 3819 2508 3916 ideoque

218 3955 255 3980 ν-
275 3922 399 3997 1ιιιο
461 3922 625 3996 illue
691 3921 938 3995 versari
1014 3921 1260 4021 aliquid
1324 3922 1541 3997 animo
1608 3922 1981 3995 ostendunt.
2098 3921 2507 4018 Quamquam

274 4027 630 4100 cavendum
677 4025 749 4096 in
795 4025 925 4097 hoc
973 4048 1212 4120 genere
1261 4025 1343 4097 ab
1393 4025 1586 4098 nimis
1637 4025 1799 4098 exili
1847 4024 2227 4097 subtilitate.
2331 4022 2506 4096 Nam
2611 4055 2614 4060 ·

275 4137 347 4202 ut
394 4153 540 4216 ⁶non
602 4128 838 4224 ubique
851 4180 877 4221 ,
947 4127 1060 4200 uhi
1122 4127 1315 4203 κατὰ
1379 4136 1563 4203 recte
1627 4135 2020 4226 usurpatur,
2085 4127 2285 4199 etiam
2353 4126 2503 4202 ἀνὰ

279 4240 496 4329 aptum
547 4230 660 4325 sit,
739 4238 810 4304 at
860 4254 1057 4328 saepe
1109 4231 1221 4303 ubi
1269 4232 1461 4309 κατὰ
1516 4231 1759 4305 dicitur
1773 4282 1799 4323 ‚
1851 4237 2034 4328 patet
2099 4229 2297 4305 etiam
2349 4229 2501 4305 ἀνὰ

276 4333 426 4407 ferri
475 4358 696 4432 posse,
748 4332 1094 4408 dummodo
1146 4358 1335 4410 suum
1385 4335 1643 4433 utrique
1691 4332 2165 4432 praepositioni
2213 4333 2318 4405 ius
2365 4333 2505 4406 sal-

277 4459 421 4510 vum
468 4445 750 4511 maneat.
2179 4528 2184 4532 ,

373 4538 645 4612 llum.
698 4538 838 4612 ΟΡ.
890 4538 984 4613 V.
2020 4536 2089 4608 D
