3275 5317
707 470 796 541 68
1102 473 1110 482 ’
1215 467 1339 529 DE
1381 462 2431 531 INTERPOLATlonvs

709 632 904 706 minis
953 637 1240 724 servata,
1291 627 1489 704 modo
1538 651 1620 703 ea
1669 651 1838 726 qnae
1886 626 2147 703 brevius
2196 626 2501 727 exposita
2526 634 2948 726 acceperant,

709 736 898 811 novis
945 733 1226 807 inventis
1277 731 1645 825 auxissent,
1687 730 1892 805 -modo
1942 754 2111 830 quae
2144 754 2616 829 quamcumque
2637 731 2724 805 ob
2748 754 2954 814 cause

715 864 859 913 sam
908 837 1126 936 aptius
1175 860 1373 934 posse
1495 843 1618 933 que
1668 834 1962 908 ornatius
2012 833 2145 908 dici
2193 833 2335 907 visa
2382 840 2608 926 erant,
2657 858 2781 933 pro
2829 858 2955 907 suo

637 957 645 964 '
714 943 992 1041 quisque
1040 939 1303 1036 ingenio
1472 938 1717 1011 ‘assent
1730 963 1753 1009 ε
1806 936 2208 1010 habebantur
2252 936 2370 1009 illa
2395 936 2687 1010 carmina
2709 936 2958 1030 omnia,

717 1055 787 1119 et
832 1052 1015 1118 recte
1065 1042 1350 1139 quidem,
1400 1065 1524 1139 pro
1572 1038 1973 1133 Homericis,
2023 1038 2142 1112 sed
2191 1038 2440 1113 servari
2500 1039 2720 1138 qualia
2767 1046 2962 1128 erant

716 1173 851 1222 non
897 1153 1274 1245 potuerunt,
1327 1142 1388 1217 si
1434 1144 1507 1217 in
1553 1166 1756 1215 unum
1804 1149 2027 1215 essent
2075 1166 2241 1240 opus
2274 1141 2751 1242 coniungenda,
2777 1141 2964 1240 -quia

618 1245 626 1256 ’
720 1251 821 1327 sic
871 1248 1099 1323 eadem
1150 1272 1261 1320 res
1312 1255 1381 1320 et
1429 1246 1692 1345 saepius
1743 1254 1812 1319 et
1860 1244 2132 1319 diversis
2182 1244 2393 1319 modis
2442 1253 2512 1318 et
2538 1252 2761 1320 tamen
2806 1267 2963 1318 ma-.

719 1377 916 1453 gnam
962 1358 1217 1451 partem
1267 1349 1500 1423 iisdem
1547 1348 1765 1422 verbis
1812 1348 2028 1421 fuerat
2071 1347 2420 1422 narranda.
2523 1347 2747 1441 Quare
2794 1346 2964 1420 nihil

719 1457 1043 1553 reliquum
1092 1459 1260 1546 erat,
1311 1452 1443 1525 nisi
1488 1459 1565 1525 ut
1612 1452 1726 1544 iis,
1778 1473 1947 1550 quae
2013 1450 2384 1525 communia
2446 1457 2634 1525 erant
2682 1449 2963 1524 diversis

720 1557 1142 1649 carminibus,
1195 1554 1399 1628 semel
1448 1563 1761 1652 quantum
1809 1551 1955 1627 fieri
2002 1552 2324 1652 potuisset
2380 1551 2641 1651 positis,
2693 1559 2964 1630 caetera

722 1663 823 1736 sic
872 1660 1340 1751 insererentur,
1390 1665 1467 1731 ut
1515 1657 1734 1754 aliqua
1780 1664 2000 1730 tamen
2052 1680 2204 1730 cum
2251 1655 2707 1754 probabilitate
2755 1678 2965 1732 unum

722 1763 1034 1862 quiddam
1084 1784 1168 1835 ac
1215 1767 1428 1834 totum
1476 1758 1838 1834 efficerent.
1904 1757 2122 1831 Huius
2174 1758 2663 1857 compositionis
2712 1757 2823 1833 hic
2869 1758 2968 1831 il-

720 1868 813 1942 lic
864 1866 1025 1939 satis
1076 1871 1306 1961 aperta
1352 1862 1628 1960 vestigia
1676 1868 1853 1936 sunt.
1969 1858 2069 1936 Vt
2115 1861 2265 1960 ipsa
2325 1861 2442 1933 illa
2487 1862 2561 1933 in
2604 1884 2831 1961 pugna
2877 1859 2969 1934 ad

722 1991 951 2062 naves,
1004 1991 1203 2065 quum
1250 1991 1419 2038 unus
1469 1973 1669 2064 poeta
1717 1971 1997 2038 stantem
2044 1962 2116 2036 in
2163 1963 2316 2037 navi
2362 1963 2632 2038 fecisset
2655 1960 2966 2056 Aiacem,

725 2081 922 2171 atque
971 2069 1123 2143 inde
1175 2076 1508 2142 arcentem
1558 2067 1919 2160 Troianos,
1971 2065 2139 2139 alius
2180 2073 2398 2141 autem
2428 2088 2579 2139 eum
2625 2066 2697 2138 in
2744 2074 2969 2140 terrae

725 2176 869 2248 solo
925 2173 1301 2247 obnitenten
1347 2169 1643 2245 hostibus
1686 2168 2024 2243 finxissetz
2101 2168 2293 2262 alter,
2343 2168 2458 2243 ubi
2505 2169 2619 2243 ille
2667 2168 2970 2270 pellitur,

725 2276 892 2351 XV.
947 2278 996 2352 7
1000 2277 1126 2350 27.
1177 2273 1282 2346 his
1330 2296 1490 2346 usus
1542 2279 1646 2346 est
1693 2272 1909 2345 verbis
1927 2297 1950 2344 ε

1034 2431 1235 2509 Αἴας
1261 2424 1342 2501 δ’
1373 2428 1514 2501 οὐκ
1547 2425 1643 2500 ἔτ’
1677 2425 1938 2523 ἔμιμνε
1956 2444 1975 2462 ·
2002 2420 2308 2523 βιάζετο
2336 2424 2486 2529 γὰρ
2513 2425 2925 2526 βελέεσσιν·
3025 2461 3036 2490 1

1041 2529 1195 2605 ἀλλ’
1252 2525 1648 2627 ἀνεχάζετο
1699 2523 2021 2616 τυτθόν,
2073 2524 2429 2628 ὀϊόμενος·
2463 2530 2915 2618 θανέεσθαι,

1041 2636 1348 2733 θρῆνυν
1413 2633 1525 2734 ἐφ’
1598 2627 2072 2810 ἑπταπόὸτέαἱ,
2141 2630 2303 2709 λίπε
2370 2630 2452 2709 δ’
2518 2635 2723 2736 ἴκρια
2786 2631 2971 2729 νηὸς

1992 2745 2159 2832 “0⁷29
2176 2755 2193 2773 ,
2431 2753 2434 2760 .

733 2890 903 2965 alter
953 2896 1200 2983 autem,
1250 2886 1456 2964 XVI.
1517 2892 1693 2965 102.
1743 2887 2025 2988 primum
2076 2888 2337 2987 quidem
2374 2889 2637 2963 illorum
2663 2911 2978 2982 versuum=

733 2993 980 3093 posuit,
1033 2994 1152 3066 sed
1198 2993 1467 3091 reliqua
1514 3001 1946 3093 persequutus
2013 3001 2116 3066 est
2178 2993 2309 3067 alio
2374 2992 2595 3067 modo.
2714 2989 2972 3072 Similis

735 3096 944 3169 semel
993 3096 1317 3169 dictorum
1364 3095 1561 3170 ratio.
1666 3093 1791 3170 Sic
1842 3095 2017 3193 quod
2066 3120 2267 3195 supra
2314 3096 2397 3169 de
2445 3093 2769 3195 principio
2817 3094 2974 3167 libri

734 3195 937 3270 vm.
991 3196 1154 3290 dixi,
1206 3222 1339 3271 non
1389 3197 1489 3271 sic
1539 3197 1760 3296 accipi
1806 3199 1983 3290 volo,
2033 3222 2116 3271 ac
2166 3197 2227 3271 si
2273 3198 2371 3269 illi
2419 3222 2647 3281 versus
2697 3222 2831 3274 non
2879 3197 2974 3269 il-

736 3300 829 3374 lic
879 3324 1135 3397 quoque
1184 3307 1367 3372 recte
1419 3299 1551 3373 sint
1599 3300 1799 3398 positi
1814 3326 1836 3371 ε
1889 3299 2009 3372 sed
2057 3300 2257 3397 positi
2307 3307 2506 3380 erant,
2523 3300 2724 3377 iidem
2772 3300 2972 3376 etiam

738 3410 890 3476 aute
940 3400 1148 3474 XIII.
1198 3400 1351 3473 libri
1399 3401 1679 3475 initium.
1786 3401 1983 3495 Quod
2031 3403 2092 3475 si
2141 3401 2286 3500 quis
2335 3411 2542 3476 totam
2565 3401 2840 3479 Iliadem
2889 3427 2976 3478 ea

739 3504 1077 3602 diligentia
1124 3528 1330 3603 eaque
1382 3503 1970 3603 circumspectione
2019 3513 2419 3604 pertractet,
2486 3529 2653 3603 quae
2722 3505 2794 3579 in
2842 3506 2974 3582 hnc

741 3632 981 3704 genere
1029 3630 1422 3706 permagnae
1470 3606 1871 3681 adhibendae
1936 3616 2132 3707 atque
2198 3608 2396 3681 etiam
2456 3608 2542 3681 ad
2605 3608 2972 3684 minutissi-

655 3726 890 3796 17mas
941 3733 1229 3807 quasque
1277 3733 1386 3781 res
1437 3709 1869 3783 conferendae
1919 3719 2096 3804 sunt,
2148 3735 2283 3785 uon
2344 3710 2684 3811 desperem
2746 3712 2977 3812 plera-

750 3836 877 3910 que
928 3836 1015 3885 ex
1066 3812 1297 3909 quibus
1344 3810 1507 3883 illud
1553 3836 1790 3910 poema
1838 3813 2271 3913 compositum
2320 3822 2422 3888 est
2470 3815 2761 3888 carmina
2809 3816 2976 3905 satis

741 3914 1062 4016 probabili
1112 3914 1365 3987 ratione
1417 3913 1584 4005 erui,
1637 3915 2147 4016 rhapsodiasque
2211 3941 2378 4015 quae
2441 3916 2513 3989 in
2561 3917 2764 3991 unum
2812 3942 2975 3992 cor-

740 4043 868 4119 pus
918 4017 1299 4091 coaluerunt
1342 4016 1813 4115 propemodum
1858 4021 2150 4117 integras
2195 4020 2267 4092 in
2309 4019 2650 4118 pristinam
2696 4020 2977 4109 formam
3049 4067 3058 4078 ι

742 4121 1009 4214 restituiv
1066 4144 1288 4219 posse.
1405 4114 1549 4190 Sed
1613 4140 1695 4191 ea
1743 4145 1818 4195 re
1868 4122 2028 4194 mihi
2074 4145 2250 4195 nunc
2298 4146 2431 4196 non
2498 4147 2704 4223 opus,
2773 4148 2975 4221 quum

744 4224 905 4298 satis
954 4249 1077 4321 pro
1126 4219 1458 4322 praesenti
1508 4221 1784 4296 consilio'
1831 4223 2079 4300 factum
2126 4223 2444 4301 videatur.

946 4324 1129 4401 Dum
1178 4320 1659 4398 Wolfianorum
1709 4349 2010 4401 caussam
2074 4326 2180 4425 egi
2194 4378 2221 4423 ,
2293 4352 2503 4404 meam
2569 4328 2675 4425 egi
2739 4328 2974 4429 ipsius.

743 4422 917 4501 Nam
981 4428 1041 4499 si
1105 4426 1411 4500 dilabitur
1487 4424 1602 4497 illa
1666 4422 1827 4502 Ilias
1842 4481 1869 4523 ,
1946 4431 2135 4506 cuius
2209 4431 2648 4528 integritatem
2714 4433 2775 4504 si
2837 4458 2982 4525 non⁴
