3275 5317
986 1354 1842 1432 EPISTOLA
2536 1367 2674 1440 131

1356 1509 1464 1572 AD

298 1571 1304 1730 FRANe'lsevM
1386 1638 2533 1772 SPITZNERVMQ.

571 1969 1351 2048 Francisco
1428 1969 2246 2071 Spitznero‚

1060 2111 1222 2171 viro
1276 2108 1777 2170 celeberrimo

1328 2227 1388 2281 S.
1426 2224 1494 2281 Ι).

824 2333 1375 2396 Godofredus
1440 2332 2017 2397 Her-mannus·

1206 2570 1621 2581 Ἣ

304 2730 554 2863 Quum
604 2793 710 2840 me
759 2792 969 2865 nuper
997 2768 1267 2861 viseres,
1321 2766 1704 2867 Spitznere‚
1761 2769 1859 2840 vir
1884 2767 2273 2861 clarissime,
2327 2792 2533 2866 quae-

299 2872 481 2943 rebas
536 2871 692 2968 quid
741 2872 1049 2943 sentirem
1102 2871 1184 2944 (le
1236 2872 1695 2944 dissertatione
1746 2870 1862 2942 illa
1875 2921 1901 2962 ,
1970 2894 2100 2967 qua
2151 2870 2232 2944 ‹le
2284 2871 2533 2943 duabus

301 2971 600 3047 Graecae
666 2973 927 3069 linguae
979 2975 1570 3072 praepositionibus
1623 2971 1777 3049 ἀνὰ
1831 2979 1899 3044 et
1947 2971 2141 3048 κατὰ
2196 2973 2535 3071 explicas-

299 3101 420 3149 ses-
540 3074 696 3149 Non
756 3076 1073 3149 habebam
1125 3081 1264 3150 tum
1278 3130 1303 3171 ,
1375 3077 1549 3174 quod
1612 3075 2114 3174 responderem,
2180 3076 2310 3148 uisi
2372 3075 2539 3150 illud

297 3180 593 3253 universe
607 3231 634 3272 ,
701 3179 888 3253 valde
954 3204 1101 3252 eam
1170 3180 1329 3256 mihi
1389 3180 1744 3278 placuisse.
1865 3176 2009 3252 Sed
2058 3179 2371 3277 promisi,
2424 3179 2537 3254 uhi

298 3282 505 3356 denuo
556 3283 897 3380 legissem,
967 3285 1341 3356 accuratius
1392 3307 1605 3358 meam
1672 3282 2058 3355 seutentiam
2125 3282 2211 3354 ad
2259 3291 2326 3355 te
2375 3308 2540 3383 per-

299 3387 609 3460 scribere.
712 3384 794 3457 Id
809 3438 834 3478 ,
907 3386 1111 3460 otium
1176 3394 1453 3480 nactus,
1522 3386 1753 3459 eadem
1805 3408 1934 3482 qua
1982 3392 2058 3458 tu
2105 3385 2331 3483 lingua
2378 3411 2537 3459 usus

300 3513 365 3561 es
382 3541 406 3581 ‚
474 3497 544 3561 et
592 3489 854 3586 publice
903 3480 1272 3564 faciendum
1324 3489 1508 3562 duxi.
1613 3487 1791 3562 Nam
1835 3513 2040 3585 quum
2095 3489 2166 3560 in
2214 3486 2344 3564 fine
2395 3489 2539 3561 dis-

298 3591 668 3665 sertationis
759 3592 936 3664 illius
1032 3618 1219 3691 spem
1317 3592 1576 3691 quidem
1665 3592 1906 3666 feceris
2003 3592 2223 3688 magni
2320 3592 2539 3691 operis

298 3694 939 3792 praepositionesque
988 3721 1214 3769 omnes
1262 3695 1787 3794 complectentis,
1842 3694 2015 3791 quod
2065 3694 2364 3792 profecto
2413 3721 2541 3769 ne-

299 3821 401 3871 mo
452 3821 587 3869 nou
640 3798 862 3895 cupiat
912 3823 955 3871 a
1003 3808 1070 3872 tc
1121 3798 1377 3897 perfici,
1431 3823 1574 3871 eam
1624 3822 1812 3896 spem
1837 3805 2053 3871 autem
2091 3821 2318 3872 rursus
2369 3823 2538 3898 pene

300 3900 392 3972 ita
437 3901 785 3993 ademeris,
852 3910 927 3975 ut
977 3902 1138 3976 illud
1187 3902 1520 3999 negotium
1584 3902 1732 3973 aliis
1799 3900 2080 3975 videaris
2129 3901 2494 3999 relinquere
2513 3928 2535 3973 e

303 4003 397 4076 sic
465 4003 870 4097 existimavi,
938 4006 999 4078 si
1066 4006 1221 4104 quid
1288 4030 1331 4078 a
1396 4030 1499 4078 me
1563 4004 1947 4096 afferretur,
2018 4003 2194 4102 quod
2254 4005 2539 4102 aliquam

306 4113 476 4179 esset
525 4106 873 4180 utilitatem
921 4108 1315 4200 habiturum,
1368 4108 1439 4181 id
1489 4108 1575 4180 ad
1627 4132 1776 4179 eum
1825 4106 2183 4205 pertinere,
2235 4108 2538 4204 quicum-

307 4233 429 4305 que
476 4208 653 4282 illius
702 4211 1012 4284 materiae
1063 4213 1520 4285 tractationem
1569 4209 1958 4308 susciperet.

479 4472 535 4549 ⁴¹)
577 4470 747 4530 Edita
792 4479 880 4531 est
920 4473 979 4531 in
1004 4472 1189 4532 sahmi
1218 4472 1524 4534 Annalibus
1565 4475 1863 4557 Supplem.
1906 4474 2018 4540 vol.
2047 4473 2088 4539 1.
2135 4456 2302 4552 p'arte
2338 4476 2537 4555 prima.
