3275 5317
1219 441 1622 507 nomam.
2452 440 2544 509 ²³

312 603 475 679 unde
525 610 712 680 tanta
759 602 1088 679 exstiterit
1134 603 1430 699 claritas,
1477 604 1559 677 si
1605 604 1783 679 hunc
1828 602 2109 704 1111188111
2155 602 2360 678 fuisse
2407 627 2542 706 pu·-

306 707 610 801 tabimus,
661 707 776 829 qui
824 707 1081 807 poesin,
1132 707 1320 781 cuius
1369 707 1854 805 antiquissimos
1897 714 2202 781 auctores
2232 716 2543 783 constans

309 811 482 884 fama
531 818 638 884 881
685 811 859 886 vitae
906 810 1238 908 rogandae
1286 818 1645 930 praecepta
1691 809 1984 883 versibus
2033 810 2406 906 tradidisse,
2457 811 2542 886 ab

308 896 746 1013 aequabiliore
792 913 910 988 illo
961 921 1030 987 et
1076 911 1449 987 remissiore
1490 935 1574 987 88
1621 936 1822 1011 888118
1868 912 2275 1010 languidiore
2321 913 2545 989 officio

308 1015 407 1092 ad
450 1015 866 1094 alacritatem
928 1015 1196 1090 fortium
1254 1015 1585 1090 factorum
1660 1024 1730 1089 et
1790 1015 2105 1089 fervidam
2166 1016 2548 1105 varietatem

306 1143 525 1193 1811118
570 1107 994 1212 bellicarum,
1058 1118 1256 1193 nullis
1319 1117 1676 1214 imaginum
1739 1117 1918 1191 aliud
1986 1142 2183 1217 quam
2246 1119 2549 1195 videntur

306 1219 812 1320 significantium
857 1221 1212 1296 involucris
1261 1221 1657 1296 occultatam
1671 1272 1698 1314 ,
1749 1220 2001 1310 clara„
1978 1246 2052 1293 18
2099 1222 2251 1295 1888
2301 1227 2549 1298 secun·-

306 1324 458 1400 dum
505 1349 731 1398 rerum
777 1325 1117 1399 veritatem
1166 1331 1321 1398 8818
1371 1324 1599 1399 888188
1646 1324 2048 1398 audientium
2074 1324 2262 1398 uberi
2310 1334 2381 1400 et
2428 1350 2548 1400 ra·-

304 1428 463 1549 pido
508 1427 779 1501 flumine
828 1427 1142 1502 orationis
1207 1426 1581 1501 adduxerit.
1683 1425 1767 1502 Id
1815 1426 1878 1499 si
1940 1427 2285 1502 statuimus
2300 1477 2327 1522 ,
2391 1428 2547 1504 Ho-

304 1531 468 1605 meri
517 1554 760 1605 nomen
804 1530 1174 1604 universam
1223 1529 1728 1630 comprehendet
1766 1529 1999 1629 poesin
2028 1530 2458 1626 heroicam,
2435 1558 2549 1605 m·-

304 1634 791 1732 telligeturque,
843 1633 1164 1732 quomodo
1181 1685 1208 1727 ,
1258 1635 1373 1732 qui
1435 1633 1834 1732 patefactam
1899 1633 1983 1706 ab
2031 1633 2149 1707 illo
2215 1634 2388 1708 viam
2436 1635 2550 1708 111-

304 1738 516 1835 gressi
564 1744 759 1829 sunt,
824 1746 900 1811 ut
963 1743 1327 1812 sectatores
1377 1736 1520 1810 eius
1535 1788 1562 1830 ,
1625 1736 1857 1810 eodem
1916 1736 2053 1809 sint
2114 1738 2376 1813 nomine
2423 1763 2552 1838 ap-

305 1840 555 1960 pellati.
658 1838 808 1914 Nec
856 1840 1155 1938 profecto
1198 1839 1378 1914 aliud
1447 1847 1577 1974 881,
1630 1838 1807 1938 quod
1852 1834 2335 1972 Aristophanes
2386 1842 2555 1919 dixit

304 1942 372 2017 in
417 1942 637 2019 Ratis
686 1946 1036 2020 v.1032.

505 2094 833 2197 Ὀρφεὺς
880 2125 1025 2197 μεν
1073 2095 1225 2201 γὰρ
1275 2093 1570 2182 τελετάς
1620 2094 1705 2171 θ
1755 2094 1944 2197 ἡμῖν
1992 2096 2359 2185 κατέδειξε
2391 2094 2546 2199 ‚qni-
2511 2104 2642 2178 -21

1538 2217 1702 2278 νων
1750 2202 1813 2276 τ’
1870 2200 2312 2299 ἀπέχεσθαι,

516 2307 923 2389 Μουσαῖος
973 2302 1055 2380 δ’
1110 2305 1468 2391 ἐξακεσεις
1530 2333 1611 2379 τε
1664 2298 1922 2381 νόσων
1969 2304 2099 2380 καὶ
2136 2304 2555 2410 χρησαούς,

1531 2406 1881 2493 Ἡσίοδος
1931 2406 2018 2484 δε

515 2519 656 2614 γῆς
688 2489 1066 2615 ἐρᾷασίας,
1115 2519 1433 2612 καρπῶν
1463 2510 1693 2606 ὥρας,
1733 2505 2107 2618 ἀρότους·
2163 2543 2203 2589 ο
2178 2509 2320 2589 ὃε
2346 2517 2556 2599 θεῖος

521 2716 672 2794 α’πὸ
723 2724 864 2793 τοῦ
912 2679 1139 2817 uffa}
1188 2715 1319 2794 καὶ
1292 2615 1859 2815 κλέοςοῖἑξεῗ
1888 2715 2083 2813 πλὴν
2131 2715 2384 2806 τοῦδ,
2436 2748 2558 2795 οτι

1518 2818 1746 2919 χρήξ
1801 2819 2169 2910 ἐδίδαξεν,

521 2920 789 3013 τάξεις,
843 2919 1142 3023 ἀρετάς,
1196 2920 1521 3009 ὁπλίσεις
1571 2923 1928 3025 &wdecim

317 3076 437 3152 1118
487 3078 696 3176 igitur
744 3076 805 3150 si
851 3077 1134 3176 primum
1183 3077 1463 3152 heroici
1482 3076 1792 3151 8811111818
1842 3075 2175 3176 specimen
2225 3010 2406 3150 dedit
2453 3075 2557 3150 ira

321 3181 603 3258 Achillis
652 3191 723 3256 et
770 3179 993 3254 Vlixis
1042 3180 1259 3254 reditu
1308 3180 1754 3254 describendis
1768 3232 1795 3274 ,
1846 3187 2080 3279 sponte
2142 3179 2555 3277 intelligitur,

321 3312 526 3363 novae
575 3286 836 3387 speciei
872 3284 1215 3358 dulcedine
1281 3293 1512 3384 captos
1527 3336 1553 3377 ,
1639 3284 1755 3382 qui
1817 3290 2122 3404 poemata
2182 3283 2300 3355 illa
2362 3282 2557 3355 audi-

322 3401 490 3487 rent,
542 3392 771 3466 satiari
820 3388 1141 3464 audiendo
1212 3412 1345 3462 non
1393 3388 1688 3486 potuisse
1705 3438 1731 3480 ‚
1796 3387 2142 3507 missisque
2212 3385 2557 3459 didacticis

321 3500 533 3598 poetis
597 3496 841 3567 nullius
904 3492 1035 3564 nisi
1097 3490 1373 3565 Homeri
1438 3491 1733 3564 88118188
1794 3489 2210 3588 appetivisse.
2343 3488 2561 3581 Quem

326 3626 522 3701 quum
592 3600 710 3671 illa
773 3596 903 3670 duo
966 3601 1352 3692 argumenta
1428 3595 1725 3667 versibus
1790 3615 2132 3666 enarrasse
2197 3599 2556 3686 constaret,

324 3705 518 3780 facile
569 3701 814 3777 coniici
859 3705 1125 3818 potest,
1154 3704 1385 3796 poetas
1434 3697 1628 3791 alios,
1681 3695 1796 3794 qui
1842 3696 2108 3795 placere
2157 3693 2560 3769 auditoribus

326 3809 591 3900 vellent,
644 3814 713 3880 et
759 3804 876 3876 illa
924 3801 1217 3875 88181188
1264 3801 1639 3875 memoriter
1689 3798 1998 3873 didicisse
2011 3849 2039 3891 ,
2090 3805 2159 3871 et
2205 3798 2279 3870 in
2326 3797 2559 3870 iisdem

329 3912 521 3985 rebus
573 3907 907 3999 ornandis,
957 3904 1311 3997 variandis,
1363 3902 1835 4002 amplificandis
1888 3900 2295 3999 aliquamdiu
2358 3887 2562 3973 fuisse

333 4021 715 4113 occupatos,
765 4010 864 4082 ita
908 4016 986 4082 81
1032 4015 1291 4129 postea,
1360 4031 1450 4080 ex
1496 4007 1629 4080 illis
1696 4004 2063 4105 rhapsodiis
2125 4004 2255 4077 duo
2318 4010 2561 4099 potue-

333 4118 462 4192 rint
509 4116 810 4237 longiora
856 4112 1149 4185 carmina
1211 4109 1502 4184 contexi.
1629 4110 1782 4203 Quo
1848 4107 2042 4182 modo
2104 4106 2164 4177 si
2224 4105 2562 4204 paullatim

338 4220 586 4294 exstitit
633 4239 871 4313 magna
921 4215 1017 4287 vis
1068 4214 1453 4307 carminum,
1506 4236 1675 4311 quae
1723 4218 1995 4311 propter
2056 4231 2397 4284 commune
2446 4232 2565 4282 ar-

342 4330 708 4420 gumentum
756 4317 1035 4394 Homeri
1095 4342 1332 4392 nomen
1379 4317 1653 4409 ferrent,
1708 4312 2046 4388 videmur
2024 4311 2352 4386 mvenisse
2385 4309 2563 4409 quod

347 4427 826 4523 quaerebamus,
875 4419 1150 4495 Iliadem
1208 4420 1492 4522 aliquam
1560 4427 1757 4518 atque
1823 4413 2187 4516 Odysseam
2202 4468 2230 4513 ,
2296 4439 2431 4491 non
2477 4415 2562 4488 ab
