3275 5317
706 487 843 555 240
1450 485 1570 548 DE
1612 483 2194 549 BACHMANNI

912 648 1005 723 V.
1059 647 1240 722 952.
1293 672 1381 720 ex
1430 645 1806 719 melioribus
1858 646 1926 718 et
1992 644 2287 743 pluribus
2352 645 2545 719 codd.
2609 656 2958 745 receptum

711 761 814 829 est
860 751 1314 850 Λαομέδων.
1434 747 1578 824 Sed
1629 773 1829 846 quum
1878 773 2111 822 novem
2174 748 2325 823 libri
2393 756 2461 821 et
2520 758 2782 849 praeter
2835 775 2956 823 eos

708 882 833 956 pro
886 856 1144 929 diversa
1190 853 1475 927 lectione
1524 875 1695 924 unus
1730 851 2169 945 Λαυμὲὃων
2196 851 2501 944 habeant,
2555 876 2723 953 quae
2774 854 2959 926 scri-

708 967 930 1080 ptura,
983 959 1106 1032 etsi
1156 955 1702 1049 male,v1.57.
1766 956 1837 1026 in
1885 953 2045 1026 Par.
2097 951 2190 1027 A.
2242 979 2363 1053 pro
2414 953 2961 1076 Ναυμὲδοντος

710 1063 1070 1135 invenitur·
1050 1114 1072 1152 ‚
1151 1084 1475 1157 quumque
1544 1057 1719 1156 apud
1796 1055 2304 1156 Lycophronem
2363 1083 2495 1131 non
2560 1052 2689 1130 nisi
2751 1082 2960 1151 unus,

712 1165 825 1264 qni
877 1172 1099 1239 certus
1149 1164 1261 1255 sit,
1313 1163 1430 1235 sed
1479 1162 1592 1237 ille
1642 1161 2035 1234 inevitabilis
2064 1170 2481 1259 anapaestus,
2535 1158 2965 1258 Παρθενό-

712 1296 864 1364 πην
912 1294 978 1342 v·
1031 1270 1080 1342 7
1085 1270 1208 1340 20
1235 1215 1519 1340 'zexstet
1571 1265 1712 1338 veri
1764 1265 1975 1336 simile
2026 1272 2128 1337 est
2178 1288 2327 1337 eum
2376 1263 2485 1338 hic
2535 1266 2641 1338 vel
2687 1265 2966 1354 Λαμέ-

710 1372 876 1449 δων
924 1371 1055 1463 vel,
1103 1377 1182 1442 ιιι
1232 1369 1496 1443 codices
1543 1369 1645 1440 illi
1707 1365 1991 1459 habent,
2059 1367 2498 1466 Λαυμὲὃων
2562 1368 2961 1465 scripsisse,

713 1499 800 1548 ex
881 1498 1010 1573 quo
1078 1481 1328 1546 veteres
1378 1472 1664 1545 Romani
1713 1470 2225 1543 Laumentum
2273 1472 2530 1545 feceret
2582 1472 2715 1545 vid.
2769 1469 2967 1545 Sca-

710 1578 901 1674 liger.
955 1576 1041 1648 ad
1089 1573 1364 1648 Festum
1414 1600 1478 1647 v.
1532 1573 1965 1647 Alumento.

913 1675 1029 1751 Ad
1093 1703 1352 1751 versum
1417 1678 1530 1776 qui
1581 1678 1803 1751 statim
1869 1678 2163 1774 sequitur
2240 1678 2418 1750 953.
2495 1676 2656 1759 nihil
2720 1674 2964 1751 Bach-

712 1807 985 1856 mannns
1035 1781 1206 1855 dixit
1253 1782 1337 1854 de
1387 1789 1614 1879 aperto
1649 1782 1824 1854 vitio
1874 1782 2105 1853 metri.

1017 1916 1330 2004 ναύταις
1382 1919 1610 1994 ἔδωκε
1666 1915 2298 2017 Φοινοὸάιιαντος
2349 1915 2597 2018 κόρας.

709 2057 818 2132 Ita
870 2082 1068 2155 quum
1117 2052 1406 2131 scribere
1455 2055 1860 2155 Lycophron
1909 2081 2041 2129 non
2083 2056 2394 2176 potuerit,
2446 2055 2565 2129 sed
2615 2055 2965 2153 analogiae
3064 2070 3075 2085 ’

713 2162 1174 2235 convenienter
1268 2158 1948 2259 Φοινοὸάμναντος
1963 2212 1989 2252 ,
2085 2160 2215 2233 nisi
2297 2158 2963 2256 Φοινοδαμναίου,

714 2264 1061 2383 scripsisse
1112 2263 1409 2335 videatur
1426 2315 1453 2356 ,
1520 2265 1631 2334 hic
1698 2288 1958 2358 quoque
2021 2286 2249 2335 versus
2315 2262 2559 2336 indicio
2612 2271 2716 2339 est
2729 2314 2756 2355 ‚
2827 2286 2964 2341 non

713 2366 982 2438 nimium
1031 2364 1445 2438 tribuendum
1498 2388 1645 2436 esse
1695 2363 2056 2437 codicibus.

921 2466 1016 2540 V.
1076 2469 1302 2539 1038.

1009 2568 1291 2669 χέρσου
1343 2564 1699 2668 πατρῳας
1752 2567 1845 2644 οὗ
1895 2567 2045 2669 γὰρ
2102 2565 2204 2643 ἂν
2256 2578 2453 2667 φονῆ
2505 2570 2684 2646 ποσὶ

1017 2681 1340 2771 ψαῦσαι,
1391 2672 1635 2803 μέγαν
1687 2679 2016 2747 πλειῶνα
2066 2670 2170 2768 μὴ
2223 2671 2676 2802 πεφευγότα,

1016 2773 1230 2872 δίκης
1282 2773 1480 2852 ἐάσει
1528 2772 1904 2874 τάρῤοθος
1964 2775 2407 2874 Τελφουσία.

719 2911 983 2987 Habent
1047 2914 1307 3012 quidem
1375 2910 1574 2990 ἐάσει
1638 2913 1799 2986 Par.
1852 2911 1922 2985 A
1965 2912 2064 2985 K.
2116 2911 2276 2987 Vat.
2336 2917 2558 2989 1307.
2628 2923 2696 2989 et
2745 2940 2963 3017 para-

717 3015 1013 3113 phrasis.
1083 3018 1201 3090 sed
1248 3041 1446 3115 quum
1498 3019 1748 3091 caeteri
1799 3006 2065 3091 codices
2116 3013 2323 3138 ἐάσῃ.
2347 3018 2743 3148 praebeant,
2816 3022 2963 3093 sine

718 3118 1118 3193 dubitatione
1207 3122 1440 3217 reponi
1527 3120 1804 3194 debebat
1881 3115 2096 3194 ἐάσαι
2111 3171 2155 3211 ,.
2215 3121 2370 3217 quia
2435 3117 2634 3196 ἐάσει
2696 3123 2963 3198 adiecto

721 3248 823 3295 αν
873 3221 1206 3294 soloecum
1257 3229 1381 3294 est.

920 3321 1014 3396 V.
1074 3323 1297 3396 1152.
1350 3324 1700 3416 miramur,
1755 3325 1931 3421 quod
1981 3325 2065 3396 ad
2113 3323 2333 3401 τίπτ’
2353 3327 2799 3411 adnotatum·
2819 3339 2957 3407 est.

643 3479 661 3487 -
705 3434 949 3525 poeta
987 3426 1331 3527 primam
1380 3424 1608 3498 huius
1660 3425 1876 3498 verbi
1901 3426 2269 3523 syllaboem
2320 3428 2739 3527 Epic-orum
2789 3455 2959 3504 mo-

716 3552 807 3600 re
849 3528 1251 3628 produxit.
1351 3528 1505 3604 Non
1555 3530 1730 3627 apud
1781 3532 2004 3681 epicos
2054 3539 2305 3604 tantum
2320 3585 2346 3626 ,
2416 3532 2534 3606 sed
2582 3532 2825 3634 ubique
2879 3561 2961 3611 ea

718 3631 966 3729 syllaba
1012 3634 1212 3730 longa
1261 3642 1385 3707 est.

721 3835 807 3910 ad
921 3734 1074 3810 Non
1124 3736 1333 3834 magis
1364 3680 1747 3835 quidquam
1799 3737 1880 3810 de
1946 3736 2137 3810 metri
2199 3739 2357 3812 vitio
2423 3739 2804 3815 adnotatum
2856 3754 2959 3818 est

855 3863 920 3910 v
899 3837 1531 4041 ὅτΙάΞΊάκάρποις
1578 3923 1760 4046 γυῖα
1815 3943 2229 4040 συμπλέξας
2267 3952 2569 4043 φυτοῖς.

723 4044 874 4136 Quo
924 4046 1082 4118 vitio
1146 4067 1522 4138 monemur,
1588 4055 1667 4119 ut
1729 4046 1860 4125 vel
1902 4043 2263 4144 ἀκάρποις
2325 4071 2446 4144 pro
2515 4048 2952 4146 explicatione

719 4147 884 4220 alius
946 4147 1244 4223 vocabuli
1306 4148 1671 4221 habendum
1732 4149 1861 4241 sit,
1934 4148 2072 4240 vel,
2126 4173 2322 4246 quum
2370 4152 2838 4249 paraphrastae
2888 4162 2954 4227 et

721 4248 1109 4325 scholiastae
1125 4251 1558 4349 explicatio'
1510 4250 1798 4354 αγρίοις
1828 4251 1988 4323 satis
2004 4251 2170 4324 bene
2201 4277 2350 4326 cum
2385 4251 2751 4352 ακάρποις
2785 4280 2950 4329 con·-

581 4408 585 4413 .
721 4359 935 4446 gruat,
996 4377 1264 4451 eamque
1318 4379 1548 4428 vocem
1601 4352 1941 4428 confirmet
1986 4355 2204 4452 potius
2254 4362 2329 4428 nt
2366 4357 2620 4431 doctius
2642 4358 2946 4455 positam,

725 4476 916 4550 qnam
943 4465 1310 4555 suspectam
1339 4457 1564 4551 faciat,
1599 4457 1784 4535 ὅταν
1812 4464 1879 4530 et
1897 4465 2160 4556 φυτοῖς
2180 4460 2362 4534 locos
2379 4485 2532 4536 snos
2551 4469 2949 4537 commutare
