3275 5317
714 464 805 530 32
957 411 963 415 >
1096 495 1101 500 ·
1577 465 2064 530 EPISTOLA

917 626 1141 727 Atque
1190 628 1570 728 priusquam
1618 628 1706 701 ad
1754 652 1898 702 rem
1944 626 2158 726 ipsam
2185 625 2465 722 veniam,
2519 627 2824 726 quoniam,
2870 637 2947 703 tu

703 732 1032 831 quaedam
1079 732 1412 831 praefatus
1464 756 1563 826 οε,
1615 756 1739 828 ego
1790 755 2048 830 quoque
2096 730 2256 803 1111111
2304 732 2388 803 ab
2437 731 2540 803 his
2567 731 2975 817 ordiendum.

709 843 898 936 puto.
1001 834 1335 909 Dissentis
1386 834 1561 908 enim
1611 857 1655 907 a
1703 859 1808 908 me
1862 835 1943 907 de
1991 834 2185 908 tmesi
2235 858 2432 932 quam
2477 843 2743 927 voeaut,
2817 859 2948 909 ne-

709 962 955 1036 gasque
1007 938 1395 1012 disiunctam
1446 961 1487 1011 a
1536 938 1735 1011 verbo
1773 938 2323 1036 praepositionem
2350 938 2788 1036 anastrophen
2821 962 2949 1012 ao-

698 1050 943 1115 ·oentus
994 1041 1359 1115 admittere.
1463 1038 1560 1114 Et
1605 1040 1766 1113 mihi
1815 1041 2075 1138 quidem
2126 1041 2211 1112 ad
2239 1041 2793 1139 praepositionem
2843 1040 2948 1114 sie

708 1168 753 1216 a
801 1143 1024 1238 verbo,
1076 1152 1151 1217 ut
1200 1144 1450 1238 volunt,
1504 1144 1797 1217 avulsam
1845 1169 2085 1218 nomen
2148 1144 2579 1242 supplendum
2641 1167 2789 1217 esse
2838 1142 2949 1217 vi-

703 1246 1005 1340 debatur,
1058 1246 1436 1344 videturque
1487 1247 1864 1321 etiamnum.
1967 1244 2143 1320 Nam
2194 1245 2369 1345 quod
2417 1248 2647 1321 obiieis
2666 1299 2693 1340 ,
2746 1270 2945 1345 saepe

704 1374 790 1425 ne
865 1349 1141 1423 inveniri
1210 1350 1472 1448 quidem
1516 1374 1715 1448 posse
1765 1374 2002 1423 nomen
2013 1401 2040 1442 ,
2108 1349 2281 1448 quod
2347 1350 2493 1448 quis
2558 1358 2736 1450 apte·
2776 1373 2946 1447 sup-

705 1453 926 1552 pleat,
978 1461 1053 1526 ut
1101 1452 1174 1524 in
1221 1453 1335 1525 illo
1351 1504 1379 1546 ,

863 1604 967 1682 ἂν
993 1605 1073 1681 δ’
1118 1607 1271 1706 ἄρα
1296 1602 1700 1707 Μηριόνης
1730 1605 2070 1690 πελέκεας
2096 1603 2277 1681 δέκα
2307 1602 2599 1690 πάντας
2625 1606 2901 1705 ἄειρεν,

708 1784 789 1833 eo
842 1758 1003 1830 nihil
1052 1783 1343 1879 moveor,
1397 1760 1551 1858 quia
1599 1759 1875 1832 aliarum
1916 1782 2172 1857 quoque
2222 1757 2568 1832 multarum
2619 1758 2948 1861 ellipsiunt

705 1862 872 1935 haee
949 1870 1053 1936 est
1115 1861 1342 1984 origo,
1418 1862 1616 1962 quod,
1685 1862 1744 1935 si
1771 1839 1950 1960 Qquid
2025 1862 2370 1953 obscurius
2436 1862 2802 1959 cogitatur,
2873 1861 2948 1936 id

707 1966 920 2041 omitti
969 1966 1162 2058 solet,
1216 1967 1369 2064 quia
1417 1966 1575 2064 quid
1623 1966 1719 2040 sit
1762 1966 1896 2039 diei
1944 1990 2076 2040 non
2127 1972 2368 2063 potest.
2471 1962 2726 2046 Similis
2773 1966 2945 2038 ratio

710 2077 849 2161 est,
918 2093 1047 2167 qua
1108 2069 1180 2140 1ιι
1244 2069 1613 2142 nominibus
1683 2068 2022 2142 adieetivis
2108 2092 2306 2166 saepe
2370 2076 2673 2141 neutrum
2736 2090 2944 2165 genus

706 2179 1099 2269 usurpatur,
1144 2179 1241 2243 ιιι
1290 2172 1535 2269 aliquid
1549 2224 1574 2265 ,
1647 2171 1956 2270 quidquid
2009 2171 2164 2244 velis
2181 2222 2209 2264 ,
2273 2171 2491 2270 possis
2554 2171 2942 2268 intelligere.

706 2271 852 2348 Sed
901 2274 1329 2372 praepositio,
1383 2275 1521 2348 sive
1571 2275 1688 2346 illa
1734 2299 1855 2372 pro
1908 2273 2212 2347 adverbio
2227 2324 2254 2368 ,
2338 2281 2416 2347 ut
2477 2274 2599 2347 tibi
2661 2274 2943 2367 videtur,

707 2385 836 2471 est,
889 2402 1089 2474 quum
1139 2384 1241 2449 est
1291 2402 1333 2449 a
1382 2377 1581 2451 verbo
1634 2384 1977 2474 separata,
2030 2377 2167 2448 sive
2183 2428 2210 2469 ,
2276 2384 2354 2448 ut
2418 2402 2541 2473 ego
2610 2376 2943 2470 existimo,

705 2503 841 2553 non
893 2481 1181 2552 additum
1235 2489 1337 2578 est
1385 2505 1624 2554 nomen
1638 2532 1665 2573 ,
1731 2479 2106 2552 necessario
2171 2479 2296 2551 sibi
2358 2481 2577 2577 poscit
2637 2488 2943 2553 anastro-

705 2583 902 2682 phen.
1005 2581 1180 2655 Nam
1245 2591 1591 2656 accentum
1655 2590 2007 2681 propterea
2055 2582 2127 2654 in
2176 2582 2406 2655 ultima
2453 2582 2692 2656 habent
2740 2607 2943 2680 prae-

703 2685 1063 2786 positiones
1111 2686 1488 2782 bisyllabae,
1543 2687 1696 2784 quia
1743 2687 1813 2757 in
1862 2684 2353 2782 pronunciando
2406 2686 2490 2758 ad
2516 2710 2752 2759 nomen
2779 2711 2943 2784 pro·-

705 2789 943 2909 ripitur
994 2814 1125 2863 vox
1139 2840 1166 2881 ,
1221 2789 1739 2886 coniungendam
1790 2812 1936 2861 esse
1984 2788 2532 2886 praepositionem
2598 2813 2749 2862 eum
2811 2814 2943 2861 no-

705 2893 881 2965 mine
928 2891 1250 2966 indicans.
1371 2892 1566 2986 Quod
1633 2892 1695 2964 si
1756 2891 2172 2990 postponitur
2219 2891 2466 2978 nomini
2509 2892 2939 2991 praepositio,

703 3019 839 3068 non
860 3003 1108 3117 ‘potest
1157 3019 1291 3069 non
1341 2996 1556 3068 redire
1608 2996 1723 3093 qui
1774 2996 1835 3067 ei
1884 2994 2187 3093 proprius
2256 3002 2359 3067 est
2422 3002 2734 3067 accentus
2749 3046 2775 3087 ,
2829 2997 2943 3093 qui

705 3106 808 3171 est
856 3099 926 3169 in
975 3100 1189 3196 prima
1238 3099 1507 3194 syllaba.
1632 3098 1820 3171 Idem
1884 3104 2103 3170 autem
2163 3093 2281 3170 fiat
2344 3121 2617 3170 neeesse
2687 3106 2829 3190 est,

702 3200 898 3299 plane
935 3202 1134 3298 abest
1183 3225 1442 3274 nomen.
1546 3199 1721 3272 Illud
1770 3223 1926 3273 vero
1974 3199 2153 3272 nullo
2202 3208 2402 3297 paeto
2452 3224 2721 3298 possum
2771 3224 2941 3275 oon-

704 3304 966 3397 cedere,
1020 3303 1194 3401 quod
1243 3329 1313 3401 p.
1370 3303 1442 3376 5.
1497 3302 1688 3396 diois,
1739 3303 1812 3373 111
1862 3301 2013 3378 ἀνὰ
2064 3298 2150 3377 δὲ
2228 3299 2473 3398 στήτω
2531 3302 2942 3389 Ὀδυσσεὺς

702 3430 836 3478 ιιοιι
885 3414 1138 3481 tantum
1185 3406 1493 3528 ponderis
1545 3414 1612 3479 et
1661 3405 1999 3502 gravitatis
2047 3407 2264 3479 inesse
2330 3406 2633 3479 adverbio
2647 3457 2674 3501 ,
2726 3430 2942 3504 quan·-

701 3518 845 3583 tum
891 3510 1209 3583 inferatur
1256 3510 1516 3583 inverso
1559 3509 1787 3584 ordine
1811 3510 2179 3603 verborum,
2234 3506 2480 3605 στήτω
2532 3508 2613 3584 δ’
2660 3509 2940 3587 Ὀδυσ-

564 3613 882 3700 132σεύς
961 3614 1150 3689 ἄναξ
1230 3637 1397 3711 quae
1463 3612 1584 3686 tibi
1665 3609 2063 3686 Germanice
2126 3613 2226 3686 sie
2290 3636 2524 3686 sonare
2599 3612 2937 3687 videntur:

706 3717 842 3792 vor
893 3725 1092 3787 trete
1152 3713 1531 3811 odysseus
1542 3767 1569 3808 ,
1639 3723 1710 3789 et
1780 3712 2157 3810 Odysseus
2220 3719 2420 3789 τοῦτο
2487 3711 2644 3790 vor.
2747 3715 2941 3790 Haeo

705 3845 830 3920 ego
882 3818 1136 3893 confido
1205 3821 1370 3893 alios
1431 3820 1621 3893 iuxta
1687 3843 1769 3893 ae
1831 3844 1936 3892 me
1999 3820 2214 3939 ipsum
2285 3843 2509 3893 omnes
2584 3826 2939 3915 negaturos

704 3948 893 4017 esse,
960 3948 1173 4022 neque
1222 3922 1385 3996 illud
1448 3944 1590 3994 vor
1656 3946 1790 3996 non
1838 3931 2119 4019 utroque
2185 3922 2253 3993 in
2305 3922 2528 4021 positu
2593 3922 2939 3997 verborum

703 4023 839 4102 υόν
886 4027 1456 4147 pronunciaturos.
1563 4025 1742 4119 Quin
1791 4033 1858 4098 te
1909 4048 2165 4123 qnoque
2212 4024 2428 4145 ipsum
2493 4023 2654 4095 mihi
2702 4047 2940 4098 assen-

655 4131 665 4142 ’
705 4155 928 4203 surum
981 4155 1203 4229 spero,
1254 4130 1315 4202 si
1365 4154 1451 4204 ex
1499 4129 1609 4221 iis,
1663 4151 1830 4226 quae
1896 4128 2123 4201 eadem
2187 4128 2427 4225 pagina
2491 4134 2560 4200 et
2625 4134 2937 4227 sequente

705 4232 1005 4327 attulisti,
1058 4258 1141 4308 ea
1191 4231 1730 4324 consideraveriS,
1780 4230 1852 4302 in
1902 4230 2133 4329 quibus
2182 4230 2647 4328 praepositioni
2685 4231 2936 4304 carenti

704 4335 966 4409 nomine
1015 4360 1136 4409 suo
1188 4335 1365 4409 aliud
1411 4359 1651 4409 nomen
1699 4334 1962 4431 quicum
2012 4357 2094 4405 ea
2143 4335 2438 4408 construi
2498 4333 2708 4432 possit
2771 4333 2937 4406 sub-

704 4440 947 4514 iectum
975 4446 1106 4535 est,
1155 4447 1231 4512 ut
1285 4436 1436 4517 ἀνὰ
1485 4435 1747 4541 τρίχας
1796 4436 2042 4512 ἕλκετο
2087 4434 2376 4535 χερσίν,
2429 4435 2579 4513 ἀνὰ
2606 4434 2688 4510 δ’
2730 4434 2945 4511 ἱστία
