<?xml version="1.0" encoding="UTF-8"?>
<!DOCTYPE html PUBLIC "-//W3C//DTD XHTML 1.0 Transitional//EN"
    "http://www.w3.org/TR/xhtml1/DTD/xhtml1-transitional.dtd">
<html xmlns="http://www.w3.org/1999/xhtml" xml:lang="en" lang="en">
 <head>
  <title>
</title>
<meta http-equiv="Content-Type" content="text/html;charset=utf-8" />
  <meta name='ocr-system' content='tesseract 3.04.00' />
  <meta name='ocr-capabilities' content='ocr_page ocr_carea ocr_par ocr_line ocrx_word'/>
</head>
<body>
  <div class='ocr_page' id='page_1' title='image "./godofrediherman02fritgoog_0131.png"; bbox 0 0 3275 5317; ppageno 0'>
   <div class='ocr_carea' id='block_1_1' title="bbox 736 444 2373 518">
    <p class='ocr_par' dir='ltr' id='par_1_1' title="bbox 736 444 2373 518">
     <span class='ocr_line' id='line_1_1' title="bbox 736 444 2373 518; baseline -0.001 -2"><span class='ocrx_word' id='word_1_1' title='bbox 736 447 867 516; x_wconf 77' lang='lat'><strong>12⁰</strong></span> <span class='ocrx_word' id='word_1_2' title='bbox 1340 450 1461 516; x_wconf 86' lang='lat' dir='ltr'><strong>DE</strong></span> <span class='ocrx_word' id='word_1_3' title='bbox 1502 448 1787 518; x_wconf 75' lang='lat' dir='ltr'><strong>PAle</strong></span> <span class='ocrx_word' id='word_1_4' title='bbox 1827 444 2373 516; x_wconf 75' lang='lat' dir='ltr'>EPISTOLAE</span> 
     </span>
    </p>
   </div>
   <div class='ocr_carea' id='block_1_2' title="bbox 701 607 3002 4520">
    <p class='ocr_par' dir='ltr' id='par_1_2' title="bbox 701 607 3002 4520">
     <span class='ocr_line' id='line_1_2' title="bbox 737 607 2993 713; baseline -0 -28"><span class='ocrx_word' id='word_1_5' title='bbox 737 608 999 685; x_wconf 70' lang='lat' dir='ltr'><strong>rentt&#39;a</strong></span> <span class='ocrx_word' id='word_1_6' title='bbox 1046 607 1329 687; x_wconf 66' lang='lat' dir='ltr'><strong>vident.</strong></span> <span class='ocrx_word' id='word_1_7' title='bbox 1430 610 1755 713; x_wconf 80' lang='lat' dir='ltr'><strong>Religiosi</strong></span> <span class='ocrx_word' id='word_1_8' title='bbox 1802 619 2020 686; x_wconf 84' lang='lat' dir='ltr'><strong>autem</strong></span> <span class='ocrx_word' id='word_1_9' title='bbox 2070 609 2315 711; x_wconf 86' lang='lat' dir='ltr'><strong>aliquid</strong></span> <span class='ocrx_word' id='word_1_10' title='bbox 2363 608 2660 710; x_wconf 86' lang='lat' dir='ltr'><strong>amplius</strong></span> <span class='ocrx_word' id='word_1_11' title='bbox 2713 634 2793 685; x_wconf 85' lang='lat' dir='ltr'><strong>so</strong></span> <span class='ocrx_word' id='word_1_12' title='bbox 2834 634 2993 710; x_wconf 77' lang='lat' dir='ltr'><strong>pos-</strong></span> 
     </span>
     <span class='ocr_line' id='line_1_3' title="bbox 741 713 2991 822; baseline -0 -34"><span class='ocrx_word' id='word_1_13' title='bbox 741 716 956 788; x_wconf 88' lang='lat' dir='ltr'><strong>sidere</strong></span> <span class='ocrx_word' id='word_1_14' title='bbox 1008 715 1377 814; x_wconf 83' lang='lat' dir='ltr'><strong>opinantur,</strong></span> <span class='ocrx_word' id='word_1_15' title='bbox 1431 723 1500 789; x_wconf 85' lang='lat' dir='ltr'><strong>et</strong></span> <span class='ocrx_word' id='word_1_16' title='bbox 1548 741 1748 814; x_wconf 83' lang='lat' dir='ltr'><strong>quum</strong></span> <span class='ocrx_word' id='word_1_17' title='bbox 1798 714 1952 813; x_wconf 85' lang='lat' dir='ltr'><strong>quid</strong></span> <span class='ocrx_word' id='word_1_18' title='bbox 1999 716 2160 787; x_wconf 85' lang='lat' dir='ltr'><strong>illud</strong></span> <span class='ocrx_word' id='word_1_19' title='bbox 2206 716 2293 787; x_wconf 91' lang='lat' dir='ltr'><strong>sit</strong></span> <span class='ocrx_word' id='word_1_20' title='bbox 2322 713 2605 788; x_wconf 85' lang='lat' dir='ltr'><strong>definire</strong></span> <span class='ocrx_word' id='word_1_21' title='bbox 2637 724 2991 822; x_wconf 78' lang='lat' dir='ltr'><strong>nequeant,</strong></span> 
     </span>
     <span class='ocr_line' id='line_1_4' title="bbox 741 817 2993 916; baseline -0.001 -25"><span class='ocrx_word' id='word_1_22' title='bbox 741 818 1031 916; x_wconf 88' lang='lat' dir='ltr'><strong>speciem</strong></span> <span class='ocrx_word' id='word_1_23' title='bbox 1082 819 1206 891; x_wconf 87' lang='lat' dir='ltr'><strong>sibi</strong></span> <span class='ocrx_word' id='word_1_24' title='bbox 1257 818 1600 916; x_wconf 87' lang='lat' dir='ltr'><strong>quamdam</strong></span> <span class='ocrx_word' id='word_1_25' title='bbox 1650 843 1733 892; x_wconf 93' lang='lat' dir='ltr'><strong>ac</strong></span> <span class='ocrx_word' id='word_1_26' title='bbox 1785 818 2201 891; x_wconf 80' lang='lat' dir='ltr'>simulacrum</span> <span class='ocrx_word' id='word_1_27' title='bbox 2248 817 2547 914; x_wconf 91' lang='lat' dir='ltr'><strong>fingunt,</strong></span> <span class='ocrx_word' id='word_1_28' title='bbox 2618 818 2804 915; x_wconf 81' lang='lat' dir='ltr'><strong>quod</strong></span> <span class='ocrx_word' id='word_1_29' title='bbox 2852 840 2993 889; x_wconf 85' lang='lat' dir='ltr'><strong>am-</strong></span> 
     </span>
     <span class='ocr_line' id='line_1_5' title="bbox 739 919 2995 1040; baseline -0 -49"><span class='ocrx_word' id='word_1_30' title='bbox 739 922 1113 1040; x_wconf 78' lang='lat' dir='ltr'><strong>plectantur</strong></span> <span class='ocrx_word' id='word_1_31' title='bbox 1173 922 1523 995; x_wconf 83' lang='lat' dir='ltr'><strong>credendo.</strong></span> <span class='ocrx_word' id='word_1_32' title='bbox 1656 922 1805 1016; x_wconf 73' lang='lat' dir='ltr'><strong>Quo</strong></span> <span class='ocrx_word' id='word_1_33' title='bbox 1869 920 1947 994; x_wconf 87' lang='lat' dir='ltr'><strong>fit</strong></span> <span class='ocrx_word' id='word_1_34' title='bbox 2015 928 2090 993; x_wconf 91' lang='lat' dir='ltr'><strong>ut</strong></span> <span class='ocrx_word' id='word_1_35' title='bbox 2153 920 2250 1019; x_wconf 90' lang='lat' dir='ltr'><strong>pii</strong></span> <span class='ocrx_word' id='word_1_36' title='bbox 2313 944 2459 994; x_wconf 89' lang='lat' dir='ltr'><strong>esse</strong></span> <span class='ocrx_word' id='word_1_37' title='bbox 2522 921 2838 1018; x_wconf 88' lang='lat' dir='ltr'><strong>possint,</strong></span> <span class='ocrx_word' id='word_1_38' title='bbox 2887 919 2995 1017; x_wconf 82' lang='lat' dir='ltr'><strong>qui</strong></span> 
     </span>
     <span class='ocr_line' id='line_1_6' title="bbox 742 1023 2995 1122; baseline -0.002 -25"><span class='ocrx_word' id='word_1_39' title='bbox 742 1048 878 1097; x_wconf 82' lang='lat' dir='ltr'><strong>non</strong></span> <span class='ocrx_word' id='word_1_40' title='bbox 927 1024 1060 1099; x_wconf 89' lang='lat' dir='ltr'><strong>siut</strong></span> <span class='ocrx_word' id='word_1_41' title='bbox 1106 1024 1432 1120; x_wconf 88' lang='lat' dir='ltr'><strong>religiosi·</strong></span> <span class='ocrx_word' id='word_1_42' title='bbox 1412 1077 1433 1114; x_wconf 93' lang='lat'><strong>,</strong></span> <span class='ocrx_word' id='word_1_43' title='bbox 1484 1024 1777 1121; x_wconf 82' lang='lat' dir='ltr'><strong>religiosi</strong></span> <span class='ocrx_word' id='word_1_44' title='bbox 1825 1033 2068 1115; x_wconf 89' lang='lat' dir='ltr'><strong>autem,</strong></span> <span class='ocrx_word' id='word_1_45' title='bbox 2117 1024 2231 1122; x_wconf 83' lang='lat' dir='ltr'><strong>qui</strong></span> <span class='ocrx_word' id='word_1_46' title='bbox 2292 1048 2424 1097; x_wconf 91' lang='lat' dir='ltr'><strong>non</strong></span> <span class='ocrx_word' id='word_1_47' title='bbox 2470 1024 2619 1097; x_wconf 88' lang='lat' dir='ltr'><strong>sint</strong></span> <span class='ocrx_word' id='word_1_48' title='bbox 2669 1023 2814 1121; x_wconf 91' lang='lat' dir='ltr'><strong>pii·</strong></span> <span class='ocrx_word' id='word_1_49' title='bbox 2793 1075 2814 1112; x_wconf 93' lang='lat'><strong>,</strong></span> <span class='ocrx_word' id='word_1_50' title='bbox 2884 1029 2995 1093; x_wconf 89' lang='grc' dir='ltr'><strong>ιιι-</strong></span> 
     </span>
     <span class='ocr_line' id='line_1_7' title="bbox 743 1126 2995 1225; baseline -0 -27"><span class='ocrx_word' id='word_1_51' title='bbox 743 1151 871 1225; x_wconf 86' lang='lat' dir='ltr'><strong>que</strong></span> <span class='ocrx_word' id='word_1_52' title='bbox 920 1126 1014 1224; x_wconf 92' lang='lat' dir='ltr'><strong>pii</strong></span> <span class='ocrx_word' id='word_1_53' title='bbox 1064 1151 1138 1200; x_wconf 86' lang='lat' dir='ltr'><strong>se</strong></span> <span class='ocrx_word' id='word_1_54' title='bbox 1189 1127 1557 1200; x_wconf 86' lang='lat' dir='ltr'><strong>abstineant</strong></span> <span class='ocrx_word' id='word_1_55' title='bbox 1607 1127 1867 1225; x_wconf 83' lang='lat' dir='ltr'><strong>quidem</strong></span> <span class='ocrx_word' id='word_1_56' title='bbox 1917 1127 2000 1198; x_wconf 83' lang='lat' dir='ltr'><strong>ab</strong></span> <span class='ocrx_word' id='word_1_57' title='bbox 2048 1127 2133 1199; x_wconf 87' lang='lat' dir='ltr'><strong>iis</strong></span> <span class='ocrx_word' id='word_1_58' title='bbox 2183 1127 2416 1224; x_wconf 83' lang='lat' dir='ltr'><strong>quibus</strong></span> <span class='ocrx_word' id='word_1_59' title='bbox 2464 1126 2642 1198; x_wconf 85' lang='lat' dir='ltr'><strong>nihil</strong></span> <span class='ocrx_word' id='word_1_60' title='bbox 2696 1131 2995 1198; x_wconf 87' lang='lat' dir='ltr'><strong>sanctum</strong></span> 
     </span>
     <span class='ocr_line' id='line_1_8' title="bbox 743 1227 2994 1327; baseline -0.003 -22"><span class='ocrx_word' id='word_1_61' title='bbox 743 1237 871 1321; x_wconf 82' lang='lat' dir='ltr'><strong>est,</strong></span> <span class='ocrx_word' id='word_1_62' title='bbox 924 1228 1043 1301; x_wconf 90' lang='lat' dir='ltr'><strong>sed</strong></span> <span class='ocrx_word' id='word_1_63' title='bbox 1091 1254 1223 1304; x_wconf 89' lang='lat' dir='ltr'><strong>non</strong></span> <span class='ocrx_word' id='word_1_64' title='bbox 1273 1229 1577 1304; x_wconf 80' lang='lat' dir='ltr'><strong>damnent</strong></span> <span class='ocrx_word' id='word_1_65' title='bbox 1626 1231 1758 1302; x_wconf 86' lang='lat' dir='ltr'><strong>alia</strong></span> <span class='ocrx_word' id='word_1_66' title='bbox 1806 1228 2146 1303; x_wconf 88' lang='lat' dir='ltr'><strong>credentes</strong></span> <span class='ocrx_word' id='word_1_67' title='bbox 2160 1280 2186 1322; x_wconf 95' lang='lat'><strong>,</strong></span> <span class='ocrx_word' id='word_1_68' title='bbox 2252 1228 2446 1302; x_wconf 92' lang='lat' dir='ltr'><strong>modo</strong></span> <span class='ocrx_word' id='word_1_69' title='bbox 2497 1229 2590 1300; x_wconf 90' lang='lat' dir='ltr'><strong>iis</strong></span> <span class='ocrx_word' id='word_1_70' title='bbox 2644 1227 2866 1327; x_wconf 86' lang='lat' dir='ltr'><strong>pietas</strong></span> <span class='ocrx_word' id='word_1_71' title='bbox 2915 1250 2994 1299; x_wconf 88' lang='lat' dir='ltr'><strong>no</strong></span> 
     </span>
     <span class='ocr_line' id='line_1_9' title="bbox 743 1331 2997 1431; baseline -0.001 -26"><span class='ocrx_word' id='word_1_72' title='bbox 743 1331 949 1422; x_wconf 87' lang='lat' dir='ltr'><strong>desit3</strong></span> <span class='ocrx_word' id='word_1_73' title='bbox 999 1333 1291 1430; x_wconf 84' lang='lat' dir='ltr'><strong>religiosi</strong></span> <span class='ocrx_word' id='word_1_74' title='bbox 1340 1341 1556 1406; x_wconf 89' lang='lat' dir='ltr'><strong>autem</strong></span> <span class='ocrx_word' id='word_1_75' title='bbox 1603 1332 1742 1406; x_wconf 87' lang='lat' dir='ltr'><strong>fere</strong></span> <span class='ocrx_word' id='word_1_76' title='bbox 1791 1356 1924 1406; x_wconf 88' lang='lat' dir='ltr'><strong>non</strong></span> <span class='ocrx_word' id='word_1_77' title='bbox 1971 1340 2200 1431; x_wconf 88' lang='lat' dir='ltr'><strong>putent</strong></span> <span class='ocrx_word' id='word_1_78' title='bbox 2221 1332 2367 1430; x_wconf 84' lang='lat' dir='ltr'><strong>pios</strong></span> <span class='ocrx_word' id='word_1_79' title='bbox 2391 1356 2541 1406; x_wconf 87' lang='lat' dir='ltr'><strong>esse</strong></span> <span class='ocrx_word' id='word_1_80' title='bbox 2598 1331 2720 1429; x_wconf 85' lang='lat' dir='ltr'><strong>qui</strong></span> <span class='ocrx_word' id='word_1_81' title='bbox 2771 1336 2997 1403; x_wconf 87' lang='lat' dir='ltr'><strong>sancte</strong></span> 
     </span>
     <span class='ocr_line' id='line_1_10' title="bbox 744 1385 2996 1533; baseline -0.004 -23"><span class='ocrx_word' id='word_1_82' title='bbox 744 1385 988 1527; x_wconf 78' lang='lat' dir='ltr'><strong>vivan’t,</strong></span> <span class='ocrx_word' id='word_1_83' title='bbox 1039 1437 1160 1510; x_wconf 89' lang='lat' dir='ltr'><strong>sed</strong></span> <span class='ocrx_word' id='word_1_84' title='bbox 1206 1442 1683 1533; x_wconf 84' lang='lat' dir='ltr'><strong>persequantur</strong></span> <span class='ocrx_word' id='word_1_85' title='bbox 1733 1460 1955 1509; x_wconf 90' lang='lat' dir='ltr'><strong>omnes</strong></span> <span class='ocrx_word' id='word_1_86' title='bbox 2007 1435 2120 1533; x_wconf 85' lang='lat' dir='ltr'><strong>qui</strong></span> <span class='ocrx_word' id='word_1_87' title='bbox 2168 1460 2299 1509; x_wconf 90' lang='lat' dir='ltr'><strong>non</strong></span> <span class='ocrx_word' id='word_1_88' title='bbox 2351 1433 2588 1507; x_wconf 90' lang='lat' dir='ltr'><strong>eadem</strong></span> <span class='ocrx_word' id='word_1_89' title='bbox 2642 1457 2821 1531; x_wconf 80' lang='lat' dir='ltr'><strong>quae</strong></span> <span class='ocrx_word' id='word_1_90' title='bbox 2867 1431 2996 1530; x_wconf 89' lang='lat' dir='ltr'><strong>ipsi</strong></span> 
     </span>
     <span class='ocr_line' id='line_1_11' title="bbox 745 1536 2997 1636; baseline -0.001 -27"><span class='ocrx_word' id='word_1_91' title='bbox 745 1537 1042 1610; x_wconf 83' lang='lat' dir='ltr'><strong>credant.</strong></span> <span class='ocrx_word' id='word_1_92' title='bbox 1142 1537 1241 1611; x_wconf 87' lang='lat' dir='ltr'><strong>Vt</strong></span> <span class='ocrx_word' id='word_1_93' title='bbox 1288 1539 1519 1636; x_wconf 85' lang='lat' dir='ltr'><strong>paucis</strong></span> <span class='ocrx_word' id='word_1_94' title='bbox 1571 1538 1785 1611; x_wconf 89' lang='lat' dir='ltr'><strong>dicam</strong></span> <span class='ocrx_word' id='word_1_95' title='bbox 1801 1590 1827 1632; x_wconf 95' lang='lat'><strong>,</strong></span> <span class='ocrx_word' id='word_1_96' title='bbox 1877 1536 2212 1634; x_wconf 85' lang='lat' dir='ltr'><strong>religionis</strong></span> <span class='ocrx_word' id='word_1_97' title='bbox 2265 1545 2367 1611; x_wconf 88' lang='lat' dir='ltr'><strong>est</strong></span> <span class='ocrx_word' id='word_1_98' title='bbox 2419 1537 2689 1635; x_wconf 84' lang='lat' dir='ltr'><strong>opinari</strong></span> <span class='ocrx_word' id='word_1_99' title='bbox 2721 1536 2807 1610; x_wconf 91' lang='lat' dir='ltr'><strong>de</strong></span> <span class='ocrx_word' id='word_1_100' title='bbox 2838 1558 2997 1607; x_wconf 87' lang='lat' dir='ltr'><strong>san-</strong></span> 
     </span>
     <span class='ocr_line' id='line_1_12' title="bbox 742 1638 2994 1739; baseline -0.001 -26"><span class='ocrx_word' id='word_1_101' title='bbox 742 1640 915 1716; x_wconf 86' lang='lat' dir='ltr'><strong>ctis·</strong></span> <span class='ocrx_word' id='word_1_102' title='bbox 895 1690 917 1729; x_wconf 92' lang='lat'>‚</span> <span class='ocrx_word' id='word_1_103' title='bbox 967 1640 1231 1738; x_wconf 77' lang='lat' dir='ltr'><strong>pietatis</strong></span> <span class='ocrx_word' id='word_1_104' title='bbox 1280 1665 1415 1713; x_wconf 90' lang='lat' dir='ltr'><strong>non</strong></span> <span class='ocrx_word' id='word_1_105' title='bbox 1465 1641 1741 1739; x_wconf 87' lang='lat' dir='ltr'><strong>opinari.</strong></span> <span class='ocrx_word' id='word_1_106' title='bbox 1842 1640 2033 1714; x_wconf 88' lang='lat' dir='ltr'><strong>Haec</strong></span> <span class='ocrx_word' id='word_1_107' title='bbox 2084 1665 2358 1738; x_wconf 85' lang='lat' dir='ltr'><strong>quorum</strong></span> <span class='ocrx_word' id='word_1_108' title='bbox 2405 1640 2477 1712; x_wconf 91' lang='lat' dir='ltr'><strong>in</strong></span> <span class='ocrx_word' id='word_1_109' title='bbox 2530 1638 2778 1713; x_wconf 90' lang='lat' dir='ltr'><strong>animis</strong></span> <span class='ocrx_word' id='word_1_110' title='bbox 2831 1661 2994 1712; x_wconf 90' lang='lat' dir='ltr'><strong>con-</strong></span> 
     </span>
     <span class='ocr_line' id='line_1_13' title="bbox 741 1741 2995 1842; baseline -0.001 -29"><span class='ocrx_word' id='word_1_111' title='bbox 741 1741 969 1819; x_wconf 86' lang='lat' dir='ltr'><strong>iuncta</strong></span> <span class='ocrx_word' id='word_1_112' title='bbox 1017 1751 1194 1835; x_wconf 88' lang='lat' dir='ltr'><strong>suut,</strong></span> <span class='ocrx_word' id='word_1_113' title='bbox 1243 1741 1347 1815; x_wconf 90' lang='lat' dir='ltr'><strong>his</strong></span> <span class='ocrx_word' id='word_1_114' title='bbox 1399 1767 1481 1822; x_wconf 85' lang='lat' dir='ltr'><strong>ea</strong></span> <span class='ocrx_word' id='word_1_115' title='bbox 1529 1769 1697 1842; x_wconf 84' lang='lat' dir='ltr'><strong>quae</strong></span> <span class='ocrx_word' id='word_1_116' title='bbox 1748 1744 2022 1818; x_wconf 89' lang='lat' dir='ltr'><strong>credunt</strong></span> <span class='ocrx_word' id='word_1_117' title='bbox 2070 1766 2202 1817; x_wconf 90' lang='lat' dir='ltr'><strong>non</strong></span> <span class='ocrx_word' id='word_1_118' title='bbox 2249 1744 2361 1817; x_wconf 86' lang='lat' dir='ltr'><strong>lex</strong></span> <span class='ocrx_word' id='word_1_119' title='bbox 2391 1750 2458 1815; x_wconf 90' lang='lat' dir='ltr'><strong>et</strong></span> <span class='ocrx_word' id='word_1_120' title='bbox 2499 1766 2746 1815; x_wconf 90' lang='lat' dir='ltr'><strong>norma</strong></span> <span class='ocrx_word' id='word_1_121' title='bbox 2790 1765 2995 1838; x_wconf 88' lang='lat' dir='ltr'><strong>agen-</strong></span> 
     </span>
     <span class='ocr_line' id='line_1_14' title="bbox 743 1842 2994 1946; baseline -0.001 -28"><span class='ocrx_word' id='word_1_122' title='bbox 743 1842 853 1937; x_wconf 90' lang='lat' dir='ltr'><strong>di,</strong></span> <span class='ocrx_word' id='word_1_123' title='bbox 921 1845 1041 1918; x_wconf 89' lang='lat' dir='ltr'><strong>sed</strong></span> <span class='ocrx_word' id='word_1_124' title='bbox 1101 1845 1523 1924; x_wconf 82' lang='lat' dir='ltr'><strong>incitamenta</strong></span> <span class='ocrx_word' id='word_1_125' title='bbox 1584 1847 1670 1918; x_wconf 91' lang='lat' dir='ltr'><strong>ad</strong></span> <span class='ocrx_word' id='word_1_126' title='bbox 1732 1848 2042 1946; x_wconf 88' lang='lat' dir='ltr'><strong>pietatem</strong></span> <span class='ocrx_word' id='word_1_127' title='bbox 2109 1854 2284 1919; x_wconf 87' lang='lat' dir='ltr'><strong>sunt.</strong></span> <span class='ocrx_word' id='word_1_128' title='bbox 2398 1842 2497 1918; x_wconf 89' lang='lat' dir='ltr'><strong>Et</strong></span> <span class='ocrx_word' id='word_1_129' title='bbox 2563 1846 2670 1917; x_wconf 90' lang='lat' dir='ltr'><strong>illi</strong></span> <span class='ocrx_word' id='word_1_130' title='bbox 2735 1844 2994 1943; x_wconf 84' lang='lat' dir='ltr'><strong>quidem</strong></span> 
     </span>
     <span class='ocr_line' id='line_1_15' title="bbox 743 1946 2992 2045; baseline 0 -26"><span class='ocrx_word' id='word_1_131' title='bbox 743 1946 1101 2045; x_wconf 82' lang='lat' dir='ltr'><strong>scriptores</strong></span> <span class='ocrx_word' id='word_1_132' title='bbox 1112 2000 1140 2042; x_wconf 92' lang='lat'><strong>,</strong></span> <span class='ocrx_word' id='word_1_133' title='bbox 1207 1973 1481 2045; x_wconf 84' lang='lat' dir='ltr'><strong>quorum</strong></span> <span class='ocrx_word' id='word_1_134' title='bbox 1557 1949 1710 2021; x_wconf 84' lang='lat' dir='ltr'><strong>libri</strong></span> <span class='ocrx_word' id='word_1_135' title='bbox 1786 1948 1976 2023; x_wconf 85' lang='lat' dir='ltr'><strong>Novo</strong></span> <span class='ocrx_word' id='word_1_136' title='bbox 2042 1949 2470 2022; x_wconf 88' lang='lat' dir='ltr'><strong>Testamento</strong></span> <span class='ocrx_word' id='word_1_137' title='bbox 2541 1948 2992 2037; x_wconf 90' lang='lat' dir='ltr'><strong>continentur,</strong></span> 
     </span>
     <span class='ocr_line' id='line_1_16' title="bbox 742 2047 2992 2156; baseline -0.001 -34"><span class='ocrx_word' id='word_1_138' title='bbox 742 2057 814 2123; x_wconf 88' lang='lat' dir='ltr'><strong>et</strong></span> <span class='ocrx_word' id='word_1_139' title='bbox 861 2050 966 2148; x_wconf 92' lang='lat' dir='ltr'><strong>pii</strong></span> <span class='ocrx_word' id='word_1_140' title='bbox 1004 2050 1265 2124; x_wconf 87' lang='lat' dir='ltr'><strong>fuerunt</strong></span> <span class='ocrx_word' id='word_1_141' title='bbox 1315 2058 1383 2125; x_wconf 88' lang='lat' dir='ltr'><strong>et</strong></span> <span class='ocrx_word' id='word_1_142' title='bbox 1430 2053 1757 2148; x_wconf 87' lang='lat' dir='ltr'><strong>religiosi·</strong></span> <span class='ocrx_word' id='word_1_143' title='bbox 1812 2052 1932 2150; x_wconf 91' lang='lat' dir='ltr'><strong>pii,</strong></span> <span class='ocrx_word' id='word_1_144' title='bbox 1985 2052 2159 2156; x_wconf 79' lang='lat' dir='ltr'><strong>quod</strong></span> <span class='ocrx_word' id='word_1_145' title='bbox 2207 2051 2293 2132; x_wconf 88' lang='lat' dir='ltr'><strong>ad</strong></span> <span class='ocrx_word' id='word_1_146' title='bbox 2339 2051 2662 2149; x_wconf 90' lang='lat' dir='ltr'><strong>pietatem</strong></span> <span class='ocrx_word' id='word_1_147' title='bbox 2712 2047 2992 2124; x_wconf 84' lang='lat' dir='ltr'><strong>instituti</strong></span> 
     </span>
     <span class='ocr_line' id='line_1_17' title="bbox 744 2151 2994 2272; baseline -0.001 -46"><span class='ocrx_word' id='word_1_148' title='bbox 744 2159 934 2226; x_wconf 87' lang='lat' dir='ltr'><strong>erant</strong></span> <span class='ocrx_word' id='word_1_149' title='bbox 982 2153 1064 2224; x_wconf 83' lang='lat' dir='ltr'><strong>ab</strong></span> <span class='ocrx_word' id='word_1_150' title='bbox 1114 2154 1296 2272; x_wconf 47' lang='lat' dir='ltr'><strong>ipso·</strong></span> <span class='ocrx_word' id='word_1_151' title='bbox 1314 2155 1731 2228; x_wconf 86' lang='lat' dir='ltr'><strong>sanctissimo</strong></span> <span class='ocrx_word' id='word_1_152' title='bbox 1782 2155 2093 2251; x_wconf 81' lang='lat' dir='ltr'><strong>magistro</strong></span> <span class='ocrx_word' id='word_1_153' title='bbox 2111 2205 2139 2248; x_wconf 94' lang='lat'><strong>,</strong></span> <span class='ocrx_word' id='word_1_154' title='bbox 2205 2154 2393 2227; x_wconf 90' lang='lat' dir='ltr'><strong>cuius</strong></span> <span class='ocrx_word' id='word_1_155' title='bbox 2457 2153 2823 2252; x_wconf 84' lang='lat' dir='ltr'><strong>purissima</strong></span> <span class='ocrx_word' id='word_1_156' title='bbox 2870 2151 2994 2224; x_wconf 91' lang='lat' dir='ltr'><strong>do-</strong></span> 
     </span>
     <span class='ocr_line' id='line_1_18' title="bbox 745 2250 2992 2356; baseline -0 -30"><span class='ocrx_word' id='word_1_157' title='bbox 745 2254 962 2327; x_wconf 79' lang='lat' dir='ltr'><strong>ctrina</strong></span> <span class='ocrx_word' id='word_1_158' title='bbox 1007 2256 1170 2326; x_wconf 88' lang='lat' dir='ltr'><strong>nihil</strong></span> <span class='ocrx_word' id='word_1_159' title='bbox 1230 2255 1362 2328; x_wconf 91' lang='lat' dir='ltr'><strong>nisi</strong></span> <span class='ocrx_word' id='word_1_160' title='bbox 1423 2257 1596 2330; x_wconf 80' lang='lat' dir='ltr'><strong>vitae</strong></span> <span class='ocrx_word' id='word_1_161' title='bbox 1664 2258 2077 2331; x_wconf 85' lang='lat' dir='ltr'><strong>sanctitatem</strong></span> <span class='ocrx_word' id='word_1_162' title='bbox 2142 2255 2630 2356; x_wconf 84' lang='lat' dir='ltr'><strong>praecipiebat3</strong></span> <span class='ocrx_word' id='word_1_163' title='bbox 2701 2250 2992 2351; x_wconf 83' lang='lat' dir='ltr'><strong>religiosi</strong></span> 
     </span>
     <span class='ocr_line' id='line_1_19' title="bbox 745 2356 2988 2456; baseline -0 -28"><span class='ocrx_word' id='word_1_164' title='bbox 745 2365 965 2430; x_wconf 87' lang='lat' dir='ltr'><strong>autem</strong></span> <span class='ocrx_word' id='word_1_165' title='bbox 1012 2382 1135 2455; x_wconf 92' lang='lat' dir='ltr'><strong>per</strong></span> <span class='ocrx_word' id='word_1_166' title='bbox 1183 2381 1330 2430; x_wconf 91' lang='lat' dir='ltr'><strong>eam</strong></span> <span class='ocrx_word' id='word_1_167' title='bbox 1378 2360 1864 2451; x_wconf 89' lang='lat' dir='ltr'><strong>necessitatem,</strong></span> <span class='ocrx_word' id='word_1_168' title='bbox 1913 2382 2110 2455; x_wconf 87' lang='lat' dir='ltr'><strong>quam</strong></span> <span class='ocrx_word' id='word_1_169' title='bbox 2161 2359 2369 2432; x_wconf 91' lang='lat' dir='ltr'><strong>omnis</strong></span> <span class='ocrx_word' id='word_1_170' title='bbox 2418 2358 2706 2456; x_wconf 87' lang='lat' dir='ltr'><strong>imponit</strong></span> <span class='ocrx_word' id='word_1_171' title='bbox 2734 2356 2988 2452; x_wconf 88' lang='lat' dir='ltr'><strong>religio,</strong></span> 
     </span>
     <span class='ocr_line' id='line_1_20' title="bbox 745 2456 3002 2559; baseline 0 -30"><span class='ocrx_word' id='word_1_172' title='bbox 745 2483 916 2555; x_wconf 86' lang='lat' dir='ltr'><strong>quae</strong></span> <span class='ocrx_word' id='word_1_173' title='bbox 966 2483 1011 2530; x_wconf 93' lang='lat' dir='ltr'><strong>a</strong></span> <span class='ocrx_word' id='word_1_174' title='bbox 1059 2468 1240 2534; x_wconf 86' lang='lat' dir='ltr'><strong>certo</strong></span> <span class='ocrx_word' id='word_1_175' title='bbox 1292 2460 1509 2559; x_wconf 88' lang='lat' dir='ltr'><strong>aliquo</strong></span> <span class='ocrx_word' id='word_1_176' title='bbox 1560 2460 1866 2533; x_wconf 84' lang='lat' dir='ltr'><strong>divinitus</strong></span> <span class='ocrx_word' id='word_1_177' title='bbox 1928 2461 2130 2536; x_wconf 89' lang='lat' dir='ltr'><strong>misso</strong></span> <span class='ocrx_word' id='word_1_178' title='bbox 2194 2461 2552 2559; x_wconf 88' lang='lat' dir='ltr'><strong>interprete</strong></span> <span class='ocrx_word' id='word_1_179' title='bbox 2616 2460 2711 2534; x_wconf 91' lang='lat' dir='ltr'><strong>ad</strong></span> <span class='ocrx_word' id='word_1_180' title='bbox 2774 2456 3002 2549; x_wconf 76' lang='lat' dir='ltr'><strong>homi-¹</strong></span> 
     </span>
     <span class='ocr_line' id='line_1_21' title="bbox 745 2560 2988 2661; baseline 0 -28"><span class='ocrx_word' id='word_1_181' title='bbox 745 2585 868 2633; x_wconf 88' lang='lat' dir='ltr'><strong>nes</strong></span> <span class='ocrx_word' id='word_1_182' title='bbox 918 2561 1119 2634; x_wconf 85' lang='lat' dir='ltr'><strong>allata</strong></span> <span class='ocrx_word' id='word_1_183' title='bbox 1168 2562 1481 2655; x_wconf 77' lang='lat' dir='ltr'><strong>creditur,</strong></span> <span class='ocrx_word' id='word_1_184' title='bbox 1531 2563 1916 2660; x_wconf 88' lang='lat' dir='ltr'><strong>praesertim</strong></span> <span class='ocrx_word' id='word_1_185' title='bbox 1967 2587 2165 2660; x_wconf 86' lang='lat' dir='ltr'><strong>quum</strong></span> <span class='ocrx_word' id='word_1_186' title='bbox 2229 2588 2400 2636; x_wconf 85' lang='lat' dir='ltr'><strong>nova</strong></span> <span class='ocrx_word' id='word_1_187' title='bbox 2465 2572 2608 2637; x_wconf 88' lang='lat' dir='ltr'><strong>est.</strong></span> <span class='ocrx_word' id='word_1_188' title='bbox 2679 2564 2837 2661; x_wconf 86' lang='lat' dir='ltr'><strong>quia</strong></span> <span class='ocrx_word' id='word_1_189' title='bbox 2886 2560 2988 2633; x_wconf 89' lang='lat' dir='ltr'><strong>di-</strong></span> 
     </span>
     <span class='ocr_line' id='line_1_22' title="bbox 747 2663 2988 2764; baseline -0 -28"><span class='ocrx_word' id='word_1_190' title='bbox 747 2663 967 2736; x_wconf 78' lang='lat' dir='ltr'><strong>vinam</strong></span> <span class='ocrx_word' id='word_1_191' title='bbox 1016 2687 1162 2738; x_wconf 88' lang='lat' dir='ltr'><strong>esse</strong></span> <span class='ocrx_word' id='word_1_192' title='bbox 1212 2689 1344 2738; x_wconf 86' lang='lat' dir='ltr'><strong>non</strong></span> <span class='ocrx_word' id='word_1_193' title='bbox 1392 2673 1666 2764; x_wconf 87' lang='lat' dir='ltr'><strong>propter</strong></span> <span class='ocrx_word' id='word_1_194' title='bbox 1713 2665 2052 2739; x_wconf 85' lang='lat' dir='ltr'><strong>veritatem</strong></span> <span class='ocrx_word' id='word_1_195' title='bbox 2103 2666 2243 2738; x_wconf 89' lang='lat' dir='ltr'><strong>eius</strong></span> <span class='ocrx_word' id='word_1_196' title='bbox 2295 2666 2566 2740; x_wconf 89' lang='lat' dir='ltr'><strong>credere</strong></span> <span class='ocrx_word' id='word_1_197' title='bbox 2620 2667 2841 2740; x_wconf 89' lang='lat' dir='ltr'><strong>solent</strong></span> <span class='ocrx_word' id='word_1_198' title='bbox 2864 2664 2988 2736; x_wconf 87' lang='lat' dir='ltr'><strong>ho-</strong></span> 
     </span>
     <span class='ocr_line' id='line_1_23' title="bbox 746 2767 2988 2867; baseline 0.002 -28"><span class='ocrx_word' id='word_1_199' title='bbox 746 2767 982 2860; x_wconf 78' lang='lat' dir='ltr'><strong>mineS,</strong></span> <span class='ocrx_word' id='word_1_200' title='bbox 1035 2768 1152 2845; x_wconf 85' lang='lat' dir='ltr'><strong>sed</strong></span> <span class='ocrx_word' id='word_1_201' title='bbox 1202 2767 1377 2864; x_wconf 90' lang='lat' dir='ltr'><strong>quod</strong></span> <span class='ocrx_word' id='word_1_202' title='bbox 1426 2768 1510 2846; x_wconf 78' lang='lat' dir='ltr'><strong>ab</strong></span> <span class='ocrx_word' id='word_1_203' title='bbox 1557 2768 1686 2842; x_wconf 90' lang='lat' dir='ltr'><strong>deo</strong></span> <span class='ocrx_word' id='word_1_204' title='bbox 1734 2768 1991 2846; x_wconf 83' lang='lat' dir='ltr'><strong>venisse</strong></span> <span class='ocrx_word' id='word_1_205' title='bbox 2032 2793 2413 2867; x_wconf 87' lang='lat' dir='ltr'><strong>persuasum</strong></span> <span class='ocrx_word' id='word_1_206' title='bbox 2442 2770 2713 2845; x_wconf 83' lang='lat' dir='ltr'><strong>habent.</strong></span> <span class='ocrx_word' id='word_1_207' title='bbox 2771 2768 2988 2862; x_wconf 65' lang='lat' dir='ltr'><strong>Quare</strong></span> 
     </span>
     <span class='ocr_line' id='line_1_24' title="bbox 747 2869 2986 2969; baseline -0 -28"><span class='ocrx_word' id='word_1_208' title='bbox 747 2869 818 2941; x_wconf 91' lang='grc' dir='ltr'><strong>ιιι</strong></span> <span class='ocrx_word' id='word_1_209' title='bbox 869 2870 1046 2946; x_wconf 86' lang='grc' dir='ltr'><strong>οιιιιιι</strong></span> <span class='ocrx_word' id='word_1_210' title='bbox 1093 2871 1436 2967; x_wconf 83' lang='lat' dir='ltr'><strong>religione,</strong></span> <span class='ocrx_word' id='word_1_211' title='bbox 1487 2895 1657 2969; x_wconf 84' lang='lat' dir='ltr'><strong>quae</strong></span> <span class='ocrx_word' id='word_1_212' title='bbox 1706 2897 1841 2950; x_wconf 83' lang='lat' dir='ltr'><strong>non</strong></span> <span class='ocrx_word' id='word_1_213' title='bbox 1891 2896 1932 2943; x_wconf 90' lang='lat' dir='ltr'><strong>a</strong></span> <span class='ocrx_word' id='word_1_214' title='bbox 1981 2879 2216 2945; x_wconf 91' lang='lat' dir='ltr'><strong>natura</strong></span> <span class='ocrx_word' id='word_1_215' title='bbox 2277 2872 2599 2969; x_wconf 88' lang='lat' dir='ltr'><strong>imperata</strong></span> <span class='ocrx_word' id='word_1_216' title='bbox 2653 2880 2854 2969; x_wconf 85' lang='lat' dir='ltr'><strong>atque</strong></span> <span class='ocrx_word' id='word_1_217' title='bbox 2903 2892 2986 2940; x_wconf 83' lang='lat' dir='ltr'><strong>ex</strong></span> 
     </span>
     <span class='ocr_line' id='line_1_25' title="bbox 747 2972 2985 3073; baseline -0.001 -27"><span class='ocrx_word' id='word_1_218' title='bbox 747 2972 949 3046; x_wconf 88' lang='lat' dir='ltr'><strong>animi</strong></span> <span class='ocrx_word' id='word_1_219' title='bbox 997 2973 1264 3046; x_wconf 91' lang='lat' dir='ltr'><strong>humani</strong></span> <span class='ocrx_word' id='word_1_220' title='bbox 1310 2975 1563 3054; x_wconf 87' lang='lat' dir='ltr'><strong>ratione</strong></span> <span class='ocrx_word' id='word_1_221' title='bbox 1614 2975 1873 3067; x_wconf 88' lang='lat' dir='ltr'><strong>hausta,</strong></span> <span class='ocrx_word' id='word_1_222' title='bbox 1927 2975 2044 3047; x_wconf 86' lang='lat' dir='ltr'><strong>sed</strong></span> <span class='ocrx_word' id='word_1_223' title='bbox 2091 2974 2172 3047; x_wconf 88' lang='lat' dir='ltr'><strong>ah</strong></span> <span class='ocrx_word' id='word_1_224' title='bbox 2239 2974 2455 3073; x_wconf 83' lang='lat' dir='ltr'><strong>aliquo</strong></span> <span class='ocrx_word' id='word_1_225' title='bbox 2522 2975 2748 3049; x_wconf 81' lang='lat' dir='ltr'><strong>divino</strong></span> <span class='ocrx_word' id='word_1_226' title='bbox 2814 2997 2985 3046; x_wconf 87' lang='lat' dir='ltr'><strong>nun-</strong></span> 
     </span>
     <span class='ocr_line' id='line_1_26' title="bbox 748 3073 2984 3176; baseline -0.002 -28"><span class='ocrx_word' id='word_1_227' title='bbox 748 3076 856 3148; x_wconf 91' lang='lat' dir='ltr'><strong>cio</strong></span> <span class='ocrx_word' id='word_1_228' title='bbox 908 3085 1184 3174; x_wconf 84' lang='lat' dir='ltr'><strong>accepta</strong></span> <span class='ocrx_word' id='word_1_229' title='bbox 1234 3085 1371 3170; x_wconf 84' lang='lat' dir='ltr'><strong>est,</strong></span> <span class='ocrx_word' id='word_1_230' title='bbox 1438 3078 1566 3151; x_wconf 92' lang='lat' dir='ltr'><strong>hoc</strong></span> <span class='ocrx_word' id='word_1_231' title='bbox 1630 3079 1914 3175; x_wconf 86' lang='lat' dir='ltr'><strong>primum</strong></span> <span class='ocrx_word' id='word_1_232' title='bbox 1979 3085 2080 3150; x_wconf 89' lang='lat' dir='ltr'><strong>est</strong></span> <span class='ocrx_word' id='word_1_233' title='bbox 2141 3086 2335 3175; x_wconf 88' lang='lat' dir='ltr'><strong>atque</strong></span> <span class='ocrx_word' id='word_1_234' title='bbox 2401 3079 2837 3176; x_wconf 88' lang='lat' dir='ltr'><strong>praecipuum</strong></span> <span class='ocrx_word' id='word_1_235' title='bbox 2852 3126 2877 3169; x_wconf 89' lang='lat'><strong>,</strong></span> <span class='ocrx_word' id='word_1_236' title='bbox 2927 3073 2984 3145; x_wconf 88' lang='lat' dir='ltr'><strong>is</strong></span> 
     </span>
     <span class='ocr_line' id='line_1_27' title="bbox 750 3178 2983 3280; baseline 0 -31"><span class='ocrx_word' id='word_1_237' title='bbox 750 3179 1028 3250; x_wconf 84' lang='lat' dir='ltr'><strong>nuncius</strong></span> <span class='ocrx_word' id='word_1_238' title='bbox 1079 3187 1156 3252; x_wconf 91' lang='grc' dir='ltr'><strong>ιιι</strong></span> <span class='ocrx_word' id='word_1_239' title='bbox 1204 3178 1509 3253; x_wconf 89' lang='lat' dir='ltr'><strong>credatur</strong></span> <span class='ocrx_word' id='word_1_240' title='bbox 1557 3180 1794 3276; x_wconf 85' lang='lat' dir='ltr'><strong>aliquis</strong></span> <span class='ocrx_word' id='word_1_241' title='bbox 1844 3180 2101 3253; x_wconf 91' lang='lat' dir='ltr'><strong>homine</strong></span> <span class='ocrx_word' id='word_1_242' title='bbox 2151 3182 2359 3253; x_wconf 91' lang='lat' dir='ltr'><strong>maior</strong></span> <span class='ocrx_word' id='word_1_243' title='bbox 2406 3189 2477 3263; x_wconf 79' lang='lat' dir='ltr'><strong>et</strong></span> <span class='ocrx_word' id='word_1_244' title='bbox 2526 3182 2608 3253; x_wconf 87' lang='lat' dir='ltr'><strong>ab</strong></span> <span class='ocrx_word' id='word_1_245' title='bbox 2660 3182 2811 3280; x_wconf 91' lang='lat' dir='ltr'><strong>ipso</strong></span> <span class='ocrx_word' id='word_1_246' title='bbox 2865 3178 2983 3249; x_wconf 90' lang='lat' dir='ltr'><strong>deo</strong></span> 
     </span>
     <span class='ocr_line' id='line_1_28' title="bbox 701 3277 2987 3380; baseline -0.001 -27"><span class='ocrx_word' id='word_1_247' title='bbox 701 3277 991 3353; x_wconf 80' lang='lat' dir='ltr'><strong>5missus</strong></span> <span class='ocrx_word' id='word_1_248' title='bbox 1039 3278 1295 3377; x_wconf 87' lang='lat' dir='ltr'><strong>legatus</strong></span> <span class='ocrx_word' id='word_1_249' title='bbox 1346 3306 1517 3374; x_wconf 85' lang='lat' dir='ltr'><strong>esse,</strong></span> <span class='ocrx_word' id='word_1_250' title='bbox 1567 3306 1775 3379; x_wconf 88' lang='lat' dir='ltr'><strong>eaque</strong></span> <span class='ocrx_word' id='word_1_251' title='bbox 1827 3283 2045 3380; x_wconf 89' lang='lat' dir='ltr'><strong>opinio</strong></span> <span class='ocrx_word' id='word_1_252' title='bbox 2094 3307 2214 3379; x_wconf 89' lang='lat' dir='ltr'><strong>pro</strong></span> <span class='ocrx_word' id='word_1_253' title='bbox 2269 3282 2689 3362; x_wconf 81' lang='lat' dir='ltr'><strong>fundamento</strong></span> <span class='ocrx_word' id='word_1_254' title='bbox 2740 3282 2987 3358; x_wconf 81' lang='lat' dir='ltr'><strong>habea·-</strong></span> 
     </span>
     <span class='ocr_line' id='line_1_29' title="bbox 750 3382 2984 3482; baseline -0.001 -27"><span class='ocrx_word' id='word_1_255' title='bbox 750 3390 861 3455; x_wconf 90' lang='lat' dir='ltr'><strong>tur</strong></span> <span class='ocrx_word' id='word_1_256' title='bbox 920 3382 1122 3455; x_wconf 89' lang='lat' dir='ltr'><strong>totius</strong></span> <span class='ocrx_word' id='word_1_257' title='bbox 1186 3383 1523 3457; x_wconf 85' lang='lat' dir='ltr'><strong>doctrinae</strong></span> <span class='ocrx_word' id='word_1_258' title='bbox 1590 3408 1672 3456; x_wconf 94' lang='lat' dir='ltr'><strong>ac</strong></span> <span class='ocrx_word' id='word_1_259' title='bbox 1737 3384 2146 3482; x_wconf 86' lang='lat' dir='ltr'><strong>disciplinae.</strong></span> <span class='ocrx_word' id='word_1_260' title='bbox 2265 3382 2408 3467; x_wconf 86' lang='lat' dir='ltr'><strong>Sed</strong></span> <span class='ocrx_word' id='word_1_261' title='bbox 2474 3383 2775 3469; x_wconf 77' lang='lat' dir='ltr'><strong>confudit</strong></span> <span class='ocrx_word' id='word_1_262' title='bbox 2822 3384 2984 3460; x_wconf 82' lang='lat' dir='ltr'><strong>haec</strong></span> 
     </span>
     <span class='ocr_line' id='line_1_30' title="bbox 750 3484 2983 3587; baseline -0 -29"><span class='ocrx_word' id='word_1_263' title='bbox 750 3484 1215 3583; x_wconf 86' lang='lat' dir='ltr'><strong>confunditque</strong></span> <span class='ocrx_word' id='word_1_264' title='bbox 1259 3486 1478 3559; x_wconf 88' lang='lat' dir='ltr'><strong>adhuc</strong></span> <span class='ocrx_word' id='word_1_265' title='bbox 1527 3487 1859 3560; x_wconf 87' lang='lat' dir='ltr'><strong>hominum</strong></span> <span class='ocrx_word' id='word_1_266' title='bbox 1924 3488 2028 3560; x_wconf 83' lang='lat' dir='ltr'><strong>vel</strong></span> <span class='ocrx_word' id='word_1_267' title='bbox 2095 3487 2324 3561; x_wconf 87' lang='lat' dir='ltr'><strong>levitas</strong></span> <span class='ocrx_word' id='word_1_268' title='bbox 2389 3488 2493 3561; x_wconf 83' lang='lat' dir='ltr'><strong>vel</strong></span> <span class='ocrx_word' id='word_1_269' title='bbox 2556 3487 2983 3587; x_wconf 73' lang='lat' dir='ltr'><strong>perversitaS,</strong></span> 
     </span>
     <span class='ocr_line' id='line_1_31' title="bbox 748 3589 2982 3688; baseline -0.001 -29"><span class='ocrx_word' id='word_1_270' title='bbox 748 3594 826 3661; x_wconf 87' lang='lat' dir='ltr'><strong>ut</strong></span> <span class='ocrx_word' id='word_1_271' title='bbox 872 3589 944 3659; x_wconf 89' lang='grc' dir='ltr'><strong>ιιι</strong></span> <span class='ocrx_word' id='word_1_272' title='bbox 996 3589 1322 3663; x_wconf 90' lang='lat' dir='ltr'><strong>credendo</strong></span> <span class='ocrx_word' id='word_1_273' title='bbox 1371 3590 1587 3663; x_wconf 83' lang='lat' dir='ltr'><strong>divino</strong></span> <span class='ocrx_word' id='word_1_274' title='bbox 1637 3591 1855 3686; x_wconf 91' lang='lat' dir='ltr'><strong>legato</strong></span> <span class='ocrx_word' id='word_1_275' title='bbox 1907 3590 2341 3664; x_wconf 87' lang='lat' dir='ltr'><strong>consummari</strong></span> <span class='ocrx_word' id='word_1_276' title='bbox 2403 3591 2787 3688; x_wconf 88' lang='lat' dir='ltr'><strong>religionem</strong></span> <span class='ocrx_word' id='word_1_277' title='bbox 2835 3589 2982 3686; x_wconf 87' lang='lat' dir='ltr'><strong>pie-</strong></span> 
     </span>
     <span class='ocr_line' id='line_1_32' title="bbox 749 3687 2983 3791; baseline -0.002 -28"><span class='ocrx_word' id='word_1_278' title='bbox 749 3697 1078 3789; x_wconf 88' lang='lat' dir='ltr'><strong>tatemque</strong></span> <span class='ocrx_word' id='word_1_279' title='bbox 1127 3699 1381 3790; x_wconf 89' lang='lat' dir='ltr'><strong>putent,</strong></span> <span class='ocrx_word' id='word_1_280' title='bbox 1432 3717 1559 3767; x_wconf 90' lang='lat' dir='ltr'><strong>nec</strong></span> <span class='ocrx_word' id='word_1_281' title='bbox 1608 3693 2017 3767; x_wconf 88' lang='lat' dir='ltr'><strong>meminerint</strong></span> <span class='ocrx_word' id='word_1_282' title='bbox 2076 3693 2519 3767; x_wconf 87' lang='lat' dir='ltr'><strong>tantummodo</strong></span> <span class='ocrx_word' id='word_1_283' title='bbox 2569 3695 2679 3791; x_wconf 91' lang='lat' dir='ltr'><strong>pie</strong></span> <span class='ocrx_word' id='word_1_284' title='bbox 2730 3687 2983 3766; x_wconf 82' lang='lat' dir='ltr'><strong>vivendi</strong></span> 
     </span>
     <span class='ocr_line' id='line_1_33' title="bbox 750 3793 2980 3894; baseline -0.002 -28"><span class='ocrx_word' id='word_1_285' title='bbox 750 3816 988 3866; x_wconf 86' lang='lat' dir='ltr'><strong>caussa</strong></span> <span class='ocrx_word' id='word_1_286' title='bbox 1051 3796 1506 3869; x_wconf 87' lang='lat' dir='ltr'><strong>auctoritatem</strong></span> <span class='ocrx_word' id='word_1_287' title='bbox 1572 3796 1853 3870; x_wconf 85' lang='lat' dir='ltr'><strong>divinam</strong></span> <span class='ocrx_word' id='word_1_288' title='bbox 1917 3797 2266 3894; x_wconf 89' lang='lat' dir='ltr'><strong>interponi.</strong></span> <span class='ocrx_word' id='word_1_289' title='bbox 2382 3795 2481 3869; x_wconf 91' lang='lat' dir='ltr'><strong>Et</strong></span> <span class='ocrx_word' id='word_1_290' title='bbox 2542 3797 2658 3870; x_wconf 84' lang='lat' dir='ltr'><strong>illo</strong></span> <span class='ocrx_word' id='word_1_291' title='bbox 2727 3793 2980 3894; x_wconf 86' lang='lat' dir='ltr'><strong>quidem</strong></span> 
     </span>
     <span class='ocr_line' id='line_1_34' title="bbox 748 3891 2981 4000; baseline -0.003 -31"><span class='ocrx_word' id='word_1_292' title='bbox 748 3904 1066 3994; x_wconf 79' lang='lat' dir='ltr'><strong>tempore,</strong></span> <span class='ocrx_word' id='word_1_293' title='bbox 1119 3922 1247 3995; x_wconf 84' lang='lat' dir='ltr'><strong>quo</strong></span> <span class='ocrx_word' id='word_1_294' title='bbox 1296 3922 1529 3972; x_wconf 90' lang='lat' dir='ltr'><strong>recens</strong></span> <span class='ocrx_word' id='word_1_295' title='bbox 1579 3906 1723 3980; x_wconf 85' lang='lat' dir='ltr'><strong>erat</strong></span> <span class='ocrx_word' id='word_1_296' title='bbox 1770 3899 2000 3996; x_wconf 86' lang='lat' dir='ltr'><strong>religio</strong></span> <span class='ocrx_word' id='word_1_297' title='bbox 2055 3898 2450 3993; x_wconf 87' lang='lat' dir='ltr'><strong>Christiana,</strong></span> <span class='ocrx_word' id='word_1_298' title='bbox 2501 3924 2774 4000; x_wconf 87' lang='lat' dir='ltr'><strong>prorsus</strong></span> <span class='ocrx_word' id='word_1_299' title='bbox 2822 3891 2981 3967; x_wconf 90' lang='lat' dir='ltr'><strong>illud</strong></span> 
     </span>
     <span class='ocr_line' id='line_1_35' title="bbox 748 3998 2978 4099; baseline -0.002 -28"><span class='ocrx_word' id='word_1_300' title='bbox 748 4008 896 4073; x_wconf 79' lang='lat' dir='ltr'><strong>erat</strong></span> <span class='ocrx_word' id='word_1_301' title='bbox 943 3999 1409 4094; x_wconf 88' lang='lat' dir='ltr'><strong>necessarium,</strong></span> <span class='ocrx_word' id='word_1_302' title='bbox 1474 4010 1573 4094; x_wconf 90' lang='lat' dir='ltr'><strong>ut,</strong></span> <span class='ocrx_word' id='word_1_303' title='bbox 1627 4003 1688 4078; x_wconf 80' lang='lat' dir='ltr'><strong>si</strong></span> <span class='ocrx_word' id='word_1_304' title='bbox 1736 4004 1842 4076; x_wconf 88' lang='lat' dir='ltr'><strong>vel</strong></span> <span class='ocrx_word' id='word_1_305' title='bbox 1888 4001 2118 4075; x_wconf 89' lang='lat' dir='ltr'><strong>Iudaei</strong></span> <span class='ocrx_word' id='word_1_306' title='bbox 2166 4002 2271 4074; x_wconf 82' lang='lat' dir='ltr'><strong>vel</strong></span> <span class='ocrx_word' id='word_1_307' title='bbox 2320 4001 2487 4074; x_wconf 88' lang='lat' dir='ltr'><strong>aliae</strong></span> <span class='ocrx_word' id='word_1_308' title='bbox 2547 4010 2776 4099; x_wconf 89' lang='lat' dir='ltr'><strong>gentes</strong></span> <span class='ocrx_word' id='word_1_309' title='bbox 2825 3998 2978 4071; x_wconf 83' lang='lat' dir='ltr'><strong>ahs-</strong></span> 
     </span>
     <span class='ocr_line' id='line_1_36' title="bbox 747 4102 2977 4204; baseline -0.001 -29"><span class='ocrx_word' id='word_1_310' title='bbox 747 4102 1117 4199; x_wconf 79' lang='lat' dir='ltr'><strong>trahendae</strong></span> <span class='ocrx_word' id='word_1_311' title='bbox 1167 4110 1385 4177; x_wconf 88' lang='lat' dir='ltr'><strong>essent</strong></span> <span class='ocrx_word' id='word_1_312' title='bbox 1450 4105 1532 4177; x_wconf 89' lang='lat' dir='ltr'><strong>ab</strong></span> <span class='ocrx_word' id='word_1_313' title='bbox 1580 4106 1696 4183; x_wconf 91' lang='lat' dir='ltr'><strong>illo</strong></span> <span class='ocrx_word' id='word_1_314' title='bbox 1745 4130 1939 4203; x_wconf 83' lang='lat' dir='ltr'><strong>quem</strong></span> <span class='ocrx_word' id='word_1_315' title='bbox 1990 4129 2032 4180; x_wconf 84' lang='lat' dir='ltr'><strong>a</strong></span> <span class='ocrx_word' id='word_1_316' title='bbox 2078 4103 2431 4182; x_wconf 86' lang='lat' dir='ltr'><strong>maioribus</strong></span> <span class='ocrx_word' id='word_1_317' title='bbox 2481 4114 2826 4204; x_wconf 90' lang='lat' dir='ltr'><strong>acceptum</strong></span> <span class='ocrx_word' id='word_1_318' title='bbox 2873 4106 2977 4173; x_wconf 86' lang='lat' dir='ltr'><strong>te·</strong></span> 
     </span>
     <span class='ocr_line' id='line_1_37' title="bbox 749 4199 2977 4301; baseline 0.005 -25"><span class='ocrx_word' id='word_1_319' title='bbox 749 4205 990 4281; x_wconf 84' lang='lat' dir='ltr'><strong>nebant</strong></span> <span class='ocrx_word' id='word_1_320' title='bbox 1037 4201 1302 4287; x_wconf 82' lang='lat' dir='ltr'><strong>suorum</strong></span> <span class='ocrx_word' id='word_1_321' title='bbox 1351 4207 1619 4281; x_wconf 89' lang='lat' dir='ltr'><strong>deorum</strong></span> <span class='ocrx_word' id='word_1_322' title='bbox 1669 4209 1890 4301; x_wconf 91' lang='lat' dir='ltr'><strong>cultu,</strong></span> <span class='ocrx_word' id='word_1_323' title='bbox 1957 4215 2108 4285; x_wconf 85' lang='lat' dir='ltr'><strong>ante</strong></span> <span class='ocrx_word' id='word_1_324' title='bbox 2158 4207 2376 4286; x_wconf 88' lang='lat' dir='ltr'><strong>omnia</strong></span> <span class='ocrx_word' id='word_1_325' title='bbox 2424 4232 2503 4287; x_wconf 83' lang='lat' dir='ltr'><strong>eo</strong></span> <span class='ocrx_word' id='word_1_326' title='bbox 2555 4209 2640 4281; x_wconf 93' lang='lat' dir='ltr'><strong>ad</strong></span> <span class='ocrx_word' id='word_1_327' title='bbox 2688 4205 2827 4286; x_wconf 79' lang='lat' dir='ltr'><strong>veri</strong></span> <span class='ocrx_word' id='word_1_328' title='bbox 2874 4199 2977 4273; x_wconf 70' lang='lat' dir='ltr'><strong>&lt;lei</strong></span> 
     </span>
     <span class='ocr_line' id='line_1_38' title="bbox 749 4309 2974 4405; baseline 0 -27"><span class='ocrx_word' id='word_1_329' title='bbox 749 4309 1179 4382; x_wconf 84' lang='lat' dir='ltr'><strong>reverentiam</strong></span> <span class='ocrx_word' id='word_1_330' title='bbox 1228 4310 1741 4405; x_wconf 81' lang='lat' dir='ltr'><strong>adducerentur,</strong></span> <span class='ocrx_word' id='word_1_331' title='bbox 1807 4318 1884 4387; x_wconf 86' lang='lat' dir='ltr'><strong>ut</strong></span> <span class='ocrx_word' id='word_1_332' title='bbox 1950 4318 2018 4384; x_wconf 89' lang='lat' dir='ltr'><strong>et</strong></span> <span class='ocrx_word' id='word_1_333' title='bbox 2085 4310 2428 4388; x_wconf 87' lang='lat' dir='ltr'><strong>crederent</strong></span> <span class='ocrx_word' id='word_1_334' title='bbox 2477 4312 2731 4394; x_wconf 83' lang='lat' dir='ltr'><strong>divinae</strong></span> <span class='ocrx_word' id='word_1_335' title='bbox 2779 4310 2974 4381; x_wconf 86' lang='lat' dir='ltr'><strong>natu·-</strong></span> 
     </span>
     <span class='ocr_line' id='line_1_39' title="bbox 751 4404 2972 4520; baseline 0.002 -37"><span class='ocrx_word' id='word_1_336' title='bbox 751 4432 867 4483; x_wconf 83' lang='lat' dir='ltr'><strong>rae</strong></span> <span class='ocrx_word' id='word_1_337' title='bbox 913 4409 1201 4520; x_wconf 82' lang='lat' dir='ltr'><strong>legatum</strong></span> <span class='ocrx_word' id='word_1_338' title='bbox 1248 4412 1331 4487; x_wconf 88' lang='lat' dir='ltr'><strong>ab</strong></span> <span class='ocrx_word' id='word_1_339' title='bbox 1380 4413 1655 4517; x_wconf 83' lang='lat' dir='ltr'><strong>ipsoque</strong></span> <span class='ocrx_word' id='word_1_340' title='bbox 1702 4413 1970 4489; x_wconf 90' lang='lat' dir='ltr'><strong>missum</strong></span> <span class='ocrx_word' id='word_1_341' title='bbox 2021 4413 2145 4489; x_wconf 86' lang='lat' dir='ltr'><strong>deo</strong></span> <span class='ocrx_word' id='word_1_342' title='bbox 2195 4413 2486 4512; x_wconf 82' lang='lat' dir='ltr'><strong>vonisse,</strong></span> <span class='ocrx_word' id='word_1_343' title='bbox 2537 4422 2607 4490; x_wconf 83' lang='lat' dir='ltr'><strong>et</strong></span> <span class='ocrx_word' id='word_1_344' title='bbox 2653 4404 2972 4490; x_wconf 77' lang='lat' dir='ltr'><strong>credendo</strong></span> 
     </span>
    </p>
   </div>
  </div>
 </body>
</html>
