3275 5317
495 3291 553 3320 ἱ

701 463 790 534 ω
1570 464 2052 530 EPISTOLA

703 626 1292 728 praepositionibus
1343 626 1629 724 egregie.
1733 624 1877 701 Sed
1927 634 2030 702 est
2093 625 2293 704 etiam
2307 677 2332 720 ,
2416 625 2488 702 in
2537 650 2668 727 quo
2718 626 2942 703 disce-

704 729 988 805 dendum
1037 730 1197 802 mihi
1244 754 1288 803 a
1335 738 1452 804 tua
1501 730 1827 803 sententia
1875 754 2024 804 esse
2072 729 2455 826 intelligam.
2570 729 2944 827 Diligenter

706 835 880 914 enim
930 833 1288 908 cavendum
1338 833 1643 925 arbitror,
1691 857 1816 926 ne,
1869 834 1929 906 si
1978 857 2145 930 quae
2206 834 2725 932 praepositiones
2772 835 2947 907 inter

706 963 783 1011 se
832 937 1078 1010 similes
1126 943 1242 1010 aut
1289 936 1628 1035 oppositae
1679 959 1826 1008 esse
1876 936 2274 1029 videantur,
2304 960 2450 1008 eam
2499 938 2946 1034 comparatio-
3035 971 3040 988 ·

708 1066 859 1118 uem
907 1040 1082 1112 ultra
1129 1063 1620 1138 persequamur,
1674 1063 1868 1135 quam
1919 1039 2284 1134 conveniat.
2336 1037 2420 1112 Id
2464 1065 2621 1114 vero
2672 1040 2819 1132 tihi,
2871 1046 2948 1114 ut

710 1169 835 1241 ego
888 1142 1216 1234 existimo,
1268 1143 1548 1215 accidit:
1603 1143 1715 1239 qui
1766 1141 1938 1238 quod
1991 1141 2140 1217 ἀνὰ
2171 1150 2239 1215 et
2262 1139 2482 1235 κατά,
2535 1142 2596 1215 si
2618 1142 2799 1215 solae
2828 1164 2951 1239 per

710 1272 786 1319 se
836 1253 1289 1343 spectarentur
1302 1295 1327 1338 ,
1393 1246 1586 1343 plane
1646 1246 1821 1318 inter
1879 1268 1954 1317 se
2003 1244 2366 1318 contrarias
2442 1270 2589 1319 esse
2657 1245 2948 1336 videbas,

710 1350 808 1423 ita
855 1348 1123 1422 tenuisti
1170 1348 1341 1421 hauc
1392 1348 1944 1444 comparationem
1960 1399 1986 1440 ,
2051 1357 2129 1420 ut
2178 1371 2322 1420 eam
2386 1347 2525 1421 fere
2574 1372 2694 1446 per
2743 1355 2950 1421 totam

712 1451 1244 1524 dissertationem
1309 1458 1491 1524 tuam
1551 1450 1930 1523 deduxeris.
2060 1450 2233 1524 Mihi
2298 1451 2556 1547 quidem
2622 1450 2707 1523 ad
2779 1474 2949 1525 con·-

710 1552 1105 1629 stituendam
1153 1553 1525 1652 primariam
1591 1561 1660 1626 et
1718 1553 2148 1651 principalem
2210 1562 2599 1651 potestatem
2662 1576 2951 1652 praepo·-

714 1658 1025 1733 sitionum
1073 1681 1206 1729 non
1255 1657 1417 1729 satis
1480 1655 1737 1729 videtur
1800 1655 2065 1752 cognati
2113 1655 2402 1728 adverbii
2467 1664 2534 1729 et
2598 1680 2762 1729 casu
2825 1679 2949 1729 ca-

712 1761 920 1833 rentis
984 1759 1487 1858 praepositionis
1552 1757 1946 1855 significatio
1961 1810 1987 1851 ,
2054 1758 2171 1831 sed
2236 1759 2341 1831 vel
2405 1759 2687 1833 maxime
2753 1757 2953 1831 etiam

713 1888 877 1961 quos
943 1884 1138 1936 casus
1206 1886 1499 1960 quaeque
1560 1862 1962 1960 praepositio
2025 1869 2251 1959 regat,
2305 1861 2574 1959 eiusque
2637 1861 2951 1935 rectionis

709 1991 882 2064 quae
930 1966 1101 2040 ratio
1154 1966 1264 2059 sit,
1317 1964 1857 2038 considerandum
1906 1990 2169 2039 censeo.
2270 1962 2352 2036 Id
2404 1965 2575 2037 enim
2603 1963 2953 2062 plurimum

714 2069 1024 2142 momenti
1047 2069 1132 2140 ad
1156 2068 1647 2165 cognoscendas
1676 2092 1899 2140 earum
1939 2077 2207 2164 natws
2222 2119 2248 2160 ,
2301 2067 2790 2160 similitudines,
2843 2066 2953 2139 di-

715 2171 1059 2245 versitates
1135 2170 1354 2244 habet.
1473 2168 1600 2243 Sic
1661 2171 1815 2243 illae
1879 2170 2030 2246 ἀνὰ
2098 2178 2166 2243 ct
2226 2169 2421 2245 κατὰ
2488 2170 2734 2265 similes
2800 2177 2955 2244 sunt

714 2299 824 2366 eo,
879 2273 1050 2371 quod
1116 2274 1344 2346 ambae
1407 2272 1691 2370 genitivo
1744 2280 1812 2345 et
1860 2273 2237 2345 accusativo
2287 2272 2681 2369 iunguntur3
2748 2272 2953 2345 dissi-

688 2449 701 2464 ,s
712 2377 903 2452 miles
954 2384 1172 2450 autem
1187 2426 1212 2469 ,
1282 2376 1456 2472 qnod
1504 2374 1858 2470 genitivum
1922 2373 2072 2451 ἀνὰ
2123 2376 2491 2468 rarissime,
2571 2375 2951 2474 saepissm

716 2478 909 2564 mro}
963 2479 1289 2552 adiectum
1337 2478 1568 2567 hahet3
1636 2477 1933 2549 diversae
1999 2478 2275 2574 denique
2346 2503 2425 2552 eo
2442 2530 2468 2571 ,
2523 2479 2696 2576 quod
2745 2478 2955 2552 altera
3045 2498 3052 2503 ’

660 2621 667 2628 1
716 2582 1118 2668 construitur
1167 2581 1358 2655 etiam
1412 2605 1562 2653 cum
1610 2580 1855 2672 dativo,
1908 2605 2099 2678 quem
2149 2605 2376 2654 casum
2425 2606 2694 2680 prorsus
2744 2581 2828 2653 ab
2876 2604 2953 2653 se

715 2685 967 2784 spernit
1018 2685 1249 2758 altera.
1349 2681 1584 2780 Itaque
1651 2684 1777 2755 etsi
1824 2684 2035 2781 primo
2102 2684 2418 2783 adspectu
2435 2736 2461 2777 ,
2531 2692 2606 2757 ut
2672 2685 2835 2760 ἄνω
2886 2691 2957 2758 et

721 2786 955 2879 κάτῖυ,
1009 2787 1109 2861 sic
1159 2786 1357 2860 etiam
1409 2784 1559 2862 ἀνὰ
1612 2794 1682 2859 et
1747 2787 1941 2862 κατὰ
2010 2787 2205 2885 plane
2271 2788 2396 2860 sihi
2454 2788 2734 2861 invicem
2798 2794 2956 2860 sunt
3041 2790 3046 2794 ’

710 2891 1088 2990 oppositae,
1140 2896 1359 2963 tamen
1408 2889 1693 2963 sensisse
1745 2897 2003 2989 oportet
2053 2888 2353 2965 Graecos
2367 2942 2393 2983 ,
2445 2891 2551 2983 id,
2605 2890 2779 2987 quod
2829 2890 2954 2962 da·-

720 2996 925 3069 tivum
974 2993 1380 3085 admitteret,
1431 2994 1649 3066 inesse
1715 2993 1787 3065 in
1849 2994 2094 3087 altera,
2177 2994 2367 3066 alteri
2416 3002 2634 3067 autem
2697 2994 2950 3066 deesse.

720 3097 939 3170 Affert
989 3104 1206 3169 autem
1257 3096 1605 3193 aliquando
1657 3096 1902 3194 aliquid
1951 3097 2306 3170 adiumenti
2356 3091 2553 3169 etialn
2605 3111 2955 3195 compara-

719 3200 815 3273 tio
867 3199 1157 3271 eiusdem
1203 3198 1705 3295 praepositionis
1757 3224 1907 3272 cum
1972 3199 2199 3272 eadem
2257 3199 2738 3297 praepositione
2804 3224 2953 3272 ser·-

719 3310 873 3375 vata
921 3302 989 3373 iu
1040 3300 1173 3373 alia
1218 3301 1465 3397 lingua.
1569 3298 1697 3373 Sic
1747 3326 1835 3373 ex
1881 3302 2014 3373 illis
2065 3302 2314 3374 duabus
2353 3301 2505 3377 ἀνὰ
2553 3310 2781 3400 aperte
2832 3325 2952 3375 ea·-

722 3405 870 3477 dem
922 3411 1024 3476 est
1075 3427 1241 3500 quae
1290 3411 1519 3476 nostra
1568 3427 1701 3495 an,
1755 3404 1943 3477 cuius
1994 3414 2069 3478 tu
2121 3405 2513 3478 mentionem
2562 3406 2820 3503 quidem
2845 3405 2954 3478 fa-

720 3532 875 3581 cere
924 3531 1057 3579 non
1106 3506 1481 3603 neglexisti,
1535 3505 1653 3578 sed
1708 3507 1937 3580 vellem
1986 3516 2205 3581 tamen
2256 3533 2337 3580 ea
2387 3517 2455 3582 et
2502 3509 2764 3606 saepius
2793 3533 2952 3581 usus

720 3634 904 3684 esses
957 3617 1024 3682 et
1073 3609 1488 3706 explicatius.
1591 3608 1766 3682 Nam
1817 3611 1982 3684 haec
2032 3619 2258 3684 nostra
2284 3612 2587 3685 convenit
2634 3612 2751 3683 illa
2800 3612 2952 3709 qui-

716 3712 865 3784 dem
916 3736 1067 3785 cum
1118 3709 1386 3784 Graeca
1432 3712 1503 3784 in
1553 3737 1673 3805 eo,
1741 3713 1914 3810 quod
1963 3714 2048 3786 ad
2097 3722 2343 3787 motum
2394 3715 2506 3812 qui
2543 3739 2802 3788 sursum
2849 3713 2952 3808 fit,

704 3839 929 3912 neque
980 3837 1309 3911 umquam,
1362 3839 1447 3887 ne
1495 3815 1569 3887 in
1615 3816 2123 3892 metallariorum
2175 3818 2457 3914 quidem,
2510 3819 2571 3890 si
2619 3826 2802 3892 recte
2832 3843 2954 3892 ae-

641 3917 971 4009 stimcs,
1023 3941 1348 4009 sermone,
1401 3919 1488 3990 ad
1535 3919 1720 3992 illum
1773 3944 1901 4017 quo
1952 3920 2107 4017 quid
2158 3921 2461 3994 deorsum
2511 3920 2742 4012 fertur,
2793 3945 2955 4019 spe-

720 4029 896 4095 ctat·
948 4028 1024 4093 ut
1073 4044 1269 4117 quum
1321 4020 1594 4093 dicimus
1644 4020 1914 4116 Ιιὺιακη,
1968 4022 2294 4115 bergam.
2346 4022 2464 4095 sed
2506 4024 2797 4097 continet
2846 4030 2956 4097 et·-

717 4124 875 4216 iam,
929 4124 1127 4221 quod,
1180 4123 1645 4197 obscuratum
1622 4150 1695 4196 m
1724 4123 2017 4218 Graeca,
2072 4149 2374 4198 caussam
2403 4127 2615 4224 aperit
2644 4134 2955 4202 constru-

717 4227 956 4299 ctionis
1007 4252 1157 4300 cum
1208 4226 1448 4299 dativo.
1564 4225 1776 4299 Nobis
1826 4229 1998 4314 enim
2045 4252 2154 4300 cm
2204 4228 2310 4302 vel
2356 4238 2644 4322 motum,
2699 4230 2803 4302 vel
2850 4229 2953 4301 si-

716 4336 857 4399 tum
904 4327 1204 4424 designat
1250 4330 1337 4402 ad
1384 4329 1671 4427 aliquam
1702 4353 1859 4403 rem
1906 4354 2096 4424 eum,
2165 4356 2293 4430 quo
2364 4355 2446 4406 ea
2509 4355 2619 4406 res
2684 4332 2772 4404 ab
2820 4331 2957 4405 alia
3037 4399 3056 4428 χ

717 4454 793 4503 re
841 4438 1169 4530 tangatur.
1284 4429 1479 4507 Vnde
1547 4433 1724 4530 quod
1786 4432 2114 4510 Homerus
2181 4435 2384 4531 dicit,
2444 4434 2745 4535 χρυσέῳ
2796 4435 2952 4511 ἀνὰ
