3275 5317
750 464 843 531 w
1248 464 1369 526 DE
1412 459 2461 529 INTERPOLATIONIBVS

754 626 1001 724 quitate
1050 626 1269 723 potius
1320 626 1719 721 carminum,
1785 649 1982 723 quam
2030 649 2075 698 a
2134 622 2539 723 praestantia
2597 628 2775 698 esset
2818 642 2971 720 pro·-

751 730 952 805 l'ecta.
1538 757 1547 766 „

959 830 1293 930 Dissipari
1349 857 1500 906 vero
1550 833 1671 904 bas
1721 830 2157 906 dubitationes
2208 837 2277 905 et
2327 829 2493 903 solvi
2539 828 2662 922 ita,
2713 833 2789 899 ut
2816 848 2975 900 con·-

755 934 969 1012 ciliari
1018 958 1169 1008 cum
1218 933 1453 1009 Wolfii
1502 935 1766 1035 placitis
1816 935 2097 1033 possint,
2147 933 2220 1008 in
2269 934 2502 1031 quibus
2543 931 2820 1006 multum
2844 925 2975 1008 veri

751 1040 973 1111 inesse
986 1090 1013 1131 ,
1076 1039 1389 1111 facillima
1455 1037 1735 1136 quadarn
1798 1038 2054 1112 ratione
2136 1035 2276 1110 dixi
2288 1087 2318 1129 ,
2398 1036 2459 1112 si
2527 1042 2977 1128 statueremus,

755 1142 959 1214 multo
1010 1142 1373 1238 antiquiore
1421 1149 1744 1239 tempore,
1797 1164 1992 1238 quam
2039 1140 2251 1214 visum
2300 1147 2479 1223 esset
2516 1136 2856 1212 Herodoto
2883 1129 2980 1214 Ii.

757 1244 884 1317 53.
937 1267 1018 1317 ac
1066 1245 1312 1342 potius,
1364 1253 1439 1317 ut
1471 1243 1710 1319 Cicero
1762 1244 1930 1317 dixit
1959 1244 2042 1316 de
2067 1241 2428 1325 Senectute
2478 1266 2631 1340 cap.
2668 1237 2792 1316 15.
2813 1235 2980 1314 mul*

752 1348 843 1420 tis
893 1355 1044 1420 ante
1093 1346 1458 1420 Hesiodum
1509 1347 1751 1421 seculis
1800 1345 2160 1420 Homerum
2211 1346 2341 1422 dno
2392 1369 2528 1440 non
2575 1340 2796 1438 magni
2841 1362 2981 1412 arn-.-

752 1449 928 1523 bitus
980 1451 1273 1524 carmina
1322 1451 1405 1523 de
1453 1451 1557 1524 ira
1583 1447 1867 1523 Achillis
1897 1448 2247 1546 Vlixisque
2270 1448 2488 1524 reditu
2514 1441 2982 1544 composuisse,

754 1576 923 1650 quae
974 1553 1285 1650 deinceps
1334 1576 1376 1624 a
1423 1553 1647 1625 multis
1696 1560 1962 1628 cantata
2021 1552 2486 1650 paullatimque
2548 1556 2751 1626 aucta
2797 1552 2983 1641 atque

754 1656 1049 1752 expolita
1096 1654 1370 1729 Homeri
1418 1679 1660 1728 nomen
1708 1655 1794 1728 ad
1839 1663 2141 1754 posteros
2190 1662 2266 1727 ut
2294 1662 2530 1752 poetae
2573 1643 2983 1730 vetustissimi

753 1758 1314 1858 propagavisseut.
1419 1757 1595 1836 Nam
1645 1759 1854 1854 illum—
1882 1783 2082 1856 quum
2123 1764 2465 1831 constaret
2526 1756 2654 1836 ina,
2698 1752 2828 1832 duo
2875 1771 2985 1826 ar«

753 1869 1060 1958 gumenta
1107 1860 1518 1955 tractavisse,
1569 1862 1761 1955 haec,
1814 1868 1893 1934 nt
1940 1860 2290 1941 maximam
2351 1857 2507 1940 fidei
2572 1850 2986 1934 commenda*

653 2033 663 2042 ‚
751 1965 999 2038 tionem
1046 1964 1351 2037 habentia
1365 2017 1391 2058 ,
1458 1987 1620 2064 prae
1670 1965 1954 2039 caeteris
2016 1972 2086 2037 et
2145 1962 2426 2036 libenter
2488 1962 2720 2043 audita
2777 1964 2848 2038 ot
2908 1951 2985 2032 ab

754 2067 1053 2141 omnibus
1106 2069 1399 2166 expetita
1449 2092 1622 2162 esse,
1677 2068 1857 2160 dum,
1912 2091 2079 2165 quae
2129 2066 2245 2138 alii
2294 2066 2378 2144 de
2427 2066 2634 2142 rebus
2680 2054 2985 2140 Troianis

752 2171 979 2243 aliisve
1030 2171 1234 2267 gestis
1284 2171 1636 2267 insignium
1685 2170 1972 2244 virorum
2024 2177 2363 2263 canerent,
2412 2168 2592 2267 quod
2640 2167 2762 2246 illa
2802 2168 2988 2242 vetn-

754 2273 945 2346 statis
996 2273 1346 2346 sanctitate
1398 2282 1725 2366 carerent,
1778 2297 1914 2346 non
1961 2271 2256 2348 eamdem
2308 2279 2376 2345 et
2423 2272 2671 2350 famam
2719 2275 2794 2352 et,
2842 2264 2986 2342 diu·

751 2376 1131 2456 turnitatem
1171 2384 1749 2472 consequerentur.
1857 2374 2244 2454 Claritatem,
2282 2374 2465 2454 illam
2491 2382 2715 2454 autem
2727 2423 2754 2465 ,
2804 2389 2987 2465 quam
3057 2431 3068 2446 .

658 2483 674 2501 ⁶
710 2557 723 2576 .
753 2477 1029 2576 adeptus
1080 2484 1258 2552 esset
1304 2477 1636 2552 Homerus
1686 2486 1936 2552 tantam
1949 2529 1977 2571 ,
2027 2486 2104 2551 ut
2168 2499 2291 2550 sua
2355 2477 2651 2554 carmina
2712 2470 2985 2551 omnium

753 2605 870 2658 ore
922 2581 1434 2674 celebrarentur,
1485 2606 1618 2655 non
1683 2605 1727 2654 a
1773 2580 2174 2680 praestantia
2222 2605 2449 2654 eorum
2498 2580 2644 2653 dixi
2688 2582 2988 2675 repeten-

701 2739 707 2746 1
754 2684 906 2756 dam
955 2683 1187 2776 videri,
1241 2709 1408 2782 quae
1458 2687 1696 2757 mirum
1748 2693 1924 2758 esset
1989 2684 2049 2755 si
2097 2675 2245 2756 rudi
2313 2684 2526 2757 adhuc
2575 2690 2722 2757 arte
2772 2682 2985 2752 tanta-

755 2812 883 2885 que
963 2788 1033 2860 in
1101 2788 1521 2886 simplicitate
1598 2796 1668 2862 et
1732 2787 2049 2862 facilitate
2123 2786 2435 2861 orationis
2496 2781 2988 2885 praestinxisset

752 2916 978 2966 omnes
1030 2890 1197 2966 alios
1263 2901 1459 2989 atque
1527 2892 1980 2984 obscurasset,
2045 2889 2176 2962 nisi
2224 2890 2403 2962 aliud
2453 2889 2611 2987 quid
2672 2883 2986 2983 singulare

751 2994 1022 3068 liaberet
1035 3047 1061 3088 ,
1114 3017 1247 3092 quo
1292 2995 1406 3069 ille
1455 3003 1657 3094 poeta
1704 2995 2037 3074 hominum
2064 2993 2556 3068 admirationem
2580 2992 2656 3065 in
2705 3015 2779 3064 se
2828 3008 2986 3060 con·

751 3100 1044 3171 verterit.

960 3198 1117 3272 Non
1165 3200 1446 3299 probare
1494 3200 1662 3273 haec
1710 3198 2122 3273 Nitzschium
2136 3250 2164 3294 ,
2231 3223 2320 3272 ex
2366 3198 2485 3272 illa
2534 3198 2678 3276 eius
2728 3189 2986 3295 praefa-

718 3303 936 3376 tione
951 3354 978 3395 ,
1045 3302 1235 3377 cuius
1286 3327 1488 3400 supra
1535 3303 1715 3376 facta
1760 3310 1862 3375 est
1910 3303 2152 3378 mentio
2168 3354 2195 3396 ,
2260 3301 2580 3375 intellexi.
2708 3297 2805 3373 Et
2866 3294 2988 3365 11⁰0

752 3406 1045 3504 quidem,
1099 3406 1274 3503 quod
1321 3406 1432 3478 ille
1485 3406 1735 3498 obiicit,
1785 3430 1921 3478 non
1970 3430 2167 3503 posse
2217 3429 2351 3479 non
2415 3404 2680 3502 quaeri,
2747 3419 2987 3498 quous-

760 3535 887 3608 que
938 3533 1047 3584 ars
1099 3535 1348 3602 eorum,
1403 3510 1516 3606 qui
1564 3509 2013 3607 antiquissima
2058 3509 2177 3581 illa
2226 3508 2517 3583 carmina
2539 3499 2984 3606 expoliverinb

752 3636 1110 3711 progressa
1158 3614 1358 3685 fuerit
1408 3636 1487 3685 eo
1538 3619 1834 3710 tempore
1851 3663 1877 3704 ,
1946 3637 2076 3710 quo
2148 3608 2468 3685 Arctinus
2535 3602 2987 3705 Aethiopidem

678 3727 683 3736 “
761 3722 832 3788 et
886 3713 1102 3791 Ἰλίου
1169 3713 1488 3814 περσίὸα
1553 3716 1932 3814 scripserit,
1997 3714 2068 3787 id
2132 3740 2442 3813 quorsum
2506 3714 2720 3790 valeat
2781 3710 2988 3782 fateor

761 3843 869 3892 me
916 3843 1071 3918 non*
1098 3819 1260 3900 satis
1308 3819 1710 3918 perspicere.
1826 3816 2000 3892 Nam
2064 3843 2276 3918 neque
2325 3824 2741 3892 monumenta
2786 3809 2987 3884 habe·

762 3946 941 4015 muS,
988 3947 1076 3996 ex
1125 3923 1357 4020 quibus
1408 3922 1741 3998 aestimari
1789 3923 2044 4021 possit,
2117 3921 2446 4020 quomodo
2504 3919 2590 3992 ad
2639 3943 2789 3994 eum
2813 3934 2988 4012 per·

761 4026 1064 4100 fectionis
1113 4026 1411 4124 gradum,
1464 4050 1657 4123 quem
1706 4026 1778 4098 in
1826 4025 2199 4105 Homericis
2234 4020 2986 4120 carminibus-videmus,

760 4130 1099 4225 paullatim
1151 4130 1419 4205 exculta
1464 4129 1663 4208 fuerit
1709 4130 1932 4228 poesis
1983 4129 2210 4226 epica,
2263 4134 2332 4200 et
2378 4125 2656 4198 formam
2704 4124 2766 4198 ei
2812 4118 2986 4191 illam

761 4227 1026 4306 Arctini
1090 4257 1253 4307 aevo
1313 4233 1449 4308 iam
1507 4230 1760 4305 firmam
1841 4256 1923 4304 ac
1986 4230 2285 4304 stabilem
2361 4228 2586 4302 fuisse
2630 4224 2989 4325 fragmenta

764 4335 1111 4409 ostendunt
1158 4345 1498 4435 poetarum
1548 4336 1969 4434 cyclicorum‚
2021 4333 2118 4414 ita
2167 4332 2424 4430 quidem
2437 4372 2465 4430 ,
2529 4339 2614 4405 ut
2651 4331 2806 4404 illos
2838 4321 2989 4395 imi-

764 4445 937 4518 tatos
987 4463 1135 4514 esse
1182 4439 1581 4534 Homerum,
1665 4440 1783 4513 sed
1847 4446 2068 4511 tamen
2134 4435 2483 4514 deflectere
2543 4432 2844 4534 coepisse
2906 4423 2985 4497 ab
