3275 5317
726 478 817 548 36
1236 480 1360 547 ΒΕ
1400 478 2445 550 INTERPOLATIONIBVS

732 667 862 747 que
910 642 1058 741 ipse
1106 643 1414 719 concedit
1459 642 1868 741 Nitzscbius,
1918 643 2195 718 inveniri
2242 644 2338 719 ιιι
2361 642 2698 719 nonnullis
2762 641 2984 765 parti·-

732 747 856 820 bus
907 744 1274 844 Odysseae,
1328 771 1494 846 quae
1543 749 1626 822 ab
1678 748 1826 821 aliis
1877 748 2101 821 addita
2125 747 2260 823 sint
2303 756 2419 822 aut
2443 754 2743 821 mutata·
2792 745 2983 845 ipsa-

733 873 867 948 que
911 849 1029 922 illa
1075 850 1244 924 mira
1289 849 1597 944 brevitas,
1649 875 1780 949 qua
1826 851 2069 924 bellum
2120 873 2272 925 cum
2322 848 2688 925 Ciconibus
2720 857 2982 947 gestum

732 946 1298 1047 commemoratur,
1350 962 1572 1028 monet
1618 962 1697 1028 ut
1745 953 1876 1027 alia
1924 978 2180 1053 quoque
2227 954 2411 1054 prius
2476 954 2726 1030 multo
2745 949 2984 1027 conci-

731 1056 871 1128 sius
919 1062 1204 1130 tractata
1252 1080 1399 1131 esse
1464 1057 1890 1131 conficiamus
1903 1107 1931 1152 ,
1999 1081 2167 1156 quae
2213 1081 2390 1133 nunc
2438 1056 2777 1131 uberrime
2827 1060 3004 1132 sunt·
3129 1094 3151 1110 ,.

731 1167 802 1233 ει
847 1158 1299 1256 copiosissime
1349 1160 1714 1259 explicata.¹

933 1261 1152 1336 Multo
1198 1261 1570 1356 intricatior
1615 1261 1695 1335 fit
1740 1261 1907 1337 haec
1959 1260 2314 1361 disputatio
2327 1313 2354 1355 ,
2422 1261 2483 1335 si
2546 1259 2637 1334 ad
2699 1256 2983 1338 Iliadem

730 1365 1018 1439 animm
1081 1366 1543 1439 convertimus,
1644 1362 1822 1439 Nam
1862 1366 1922 1438 si
1962 1366 2107 1463 quis
2158 1365 2241 1439 de
2284 1364 2624 1438 industria
2660 1384 2984 1463 quaerere

728 1468 1069 1542 materiam
1117 1468 1298 1561 velit,
1352 1492 1518 1567 quae
1567 1475 1804 1566 poetae
1853 1468 2044 1565 epico
2092 1475 2382 1542 tractatu
2431 1468 2519 1541 sit
2561 1465 2980 1560 difficillima,

729 1572 843 1645 vix
894 1570 1093 1644 credo
1143 1594 1295 1644 eum
1342 1571 1755 1644 inventurum
1819 1595 1965 1644 esse
2031 1571 2584 1645 accommodatius
2652 1569 2760 1642 illi
2810 1593 2984 1643 con·-

728 1672 877 1746 silio
929 1681 1406 1770 argumentum,
1458 1698 1655 1771 quam
1687 1673 1929 1771 quod
1906 1698 1978 1745 m
2004 1674 2150 1771 ipso
2198 1672 2427 1746 Iliadis
2480 1673 2760 1746 exordio
2811 1693 2983 1746 con·-

730 1776 1013 1873 signavit
1059 1784 1282 1875 poeta,
1331 1800 1533 1874 quum
1583 1800 1659 1850 se
1707 1778 1874 1849 iram
1933 1773 2217 1850 Achillis
2284 1774 2567 1850 Graecis
2634 1774 2982 1875 pernicio-

728 1901 877 1951 sam
927 1888 1339 1953 cantaturum
1392 1887 1495 1953 est
1541 1879 1902 1977 professus,
2020 1878 2129 1951 Ita
2190 1878 2362 1952 enim
2424 1879 2553 1953 hoc
2621 1900 2981 1976 compara-

725 1990 868 2056 tum
918 1989 1045 2075 est,
1096 1990 1174 2056 ut
1219 1983 1345 2055 viri
1393 1983 1639 2080 primas
1690 1989 1914 2078 partes
1961 1980 2260 2054 habentis
2309 1981 2516 2055 virtus
2544 1982 2716 2053 nihil
2767 2003 2980 2078 agen·-

726 2084 813 2158 do
864 2085 1100 2158 debeat
1144 2083 1485 2157 illustrari.
1586 2080 1867 2157 Fatetur
1914 2081 2295 2156 Nitzschius
2342 2083 2525 2181 ipse,
2594 2108 2803 2182 saepe
2853 2080 2981 2156 sibi

724 2187 937 2261 visum
987 2211 1158 2279 esse,
1209 2185 1552 2284 pristinam
1599 2184 1875 2258 Iliadem
1922 2185 1994 2256 in
2057 2185 2200 2259 solo
2264 2185 2381 2259 illo
2445 2185 2628 2259 Iovis
2696 2184 2977 2261 consilio

722 2313 961 2388 preces
1011 2287 1321 2362 Thetidis
1369 2287 1683 2385 implendi
1732 2287 2139 2361 constitisse:
2206 2287 2326 2360 sed
2369 2289 2678 2386 quoniam
2729 2289 2979 2388 optima

726 2416 1021 2491 quaeque
1071 2399 1267 2489 atque
1319 2390 1697 2487 dignissima
1743 2388 2035 2464 Homero
2085 2390 2373 2464 tribuere
2422 2394 2714 2486 mavult,
2768 2415 2977 2489 argu-

725 2503 1014 2568 mentum
1060 2492 1290 2566 Iliadis
1336 2494 1436 2567 ita
1485 2493 1907 2587 determinat,
1948 2500 2044 2572 ut
2095 2492 2235 2566 irae
2301 2502 2557 2592 tempus
2624 2519 2840 2594 usque
2889 2492 2978 2568 ad

718 2605 1091 2698 postremos
1170 2595 1310 2671 eius
1396 2595 1669 2669 effectus
1735 2595 2164 2670 describatur.
2281 2595 2438 2670 Non
2500 2600 2751 2695 urgebo
2817 2597 2973 2691 hoc,

727 2701 903 2800 quod
952 2699 1110 2798 quid
1156 2698 1432 2773 Homeri
1481 2699 1569 2772 sit
1616 2723 1705 2772 ex
1748 2723 1827 2773 eo
1892 2698 2194 2773 aestimat
2259 2701 2434 2798 quod
2500 2703 2820 2799 optimum
2885 2698 2975 2773 sit

678 2812 921 2905 atque
998 2802 1481 2900 dignissimum.
1557 2802 1686 2876 etsi
1758 2802 1831 2876 id
1888 2809 2085 2923 ‘patet
2146 2827 2268 2901 pro
2318 2804 2586 2877 arbitrio
2637 2804 2852 2902 magis
2903 2807 2974 2875 et

728 2907 1034 3029 opinione
1085 2906 1365 3006 quadam
1378 2958 1405 3000 ,
1472 2930 1667 3005 quam
1735 2930 1823 2979 ex
1884 2906 2092 3003 ipsius
2162 2905 2263 2978 rei
2325 2914 2564 2980 natura
2612 2916 2682 2982 ει
2733 2905 2971 2981 condi·-

728 3012 907 3085 tione
959 3034 1105 3104 esse
1152 3009 1536 3084 iudicatum.
1657 3008 1916 3083 Pendet
1965 3016 2184 3083 autem
2234 3034 2322 3082 ex
2372 3009 2451 3083 'eo
2500 3009 2629 3083 hoc
2683 3031 2972 3107 quoque,

731 3114 929 3211 quod,
980 3120 1057 3186 ιιι
1105 3113 1230 3185 sibi
1281 3114 1541 3210 quidem
1589 3113 1909 3206 videatur,
1960 3136 2093 3185 non
2142 3113 2436 3210 potuisse
2461 3113 2800 3187 interitum
2825 3110 2971 3184 Pa·-

728 3216 927 3289 trocli
975 3215 1189 3288 omitti
1239 3215 1436 3305 dicit3
1503 3239 1715 3313 neque
1784 3215 1854 3287 in
1917 3213 2045 3287 hoc
2108 3215 2401 3312 potuisse
2469 3216 2782 3310 consisti,
2850 3212 2972 3288 sed

712 3317 1176 3391 ulciscendam
1248 3315 1452 3389 fuisse
1519 3317 1789 3389 caedem
1836 3316 2265 3390 interimendo
2335 3316 2679 3409 Hectore3
2756 3338 2969 3415 neque

728 3419 1039 3493 Hectoris
1090 3425 1300 3492 morte
1348 3417 1545 3492 finem
1593 3417 1741 3492 fieri
1787 3419 2080 3519 potuisse
2094 3470 2122 3513 ,
2204 3420 2323 3493 sed
2385 3421 2639 3493 reddito
2708 3422 2970 3496 demum

729 3547 1009 3622 corpore
1058 3519 1364 3595 satisfieri
1414 3520 1631 3596 officio
1683 3522 2125 3596 humanitatis.
2233 3522 2422 3616 Quae
2475 3524 2734 3597 etiamsi
2784 3530 2968 3598 recte

730 3633 801 3700 et
850 3650 1002 3698 vere
1066 3624 1200 3699 dici
1262 3625 1599 3718 videntur,
1668 3633 1885 3699 tamen
1952 3624 2098 3722 quis
2163 3649 2297 3699 non
2361 3626 2672 3720 miretur,
2741 3623 2970 3726 quaeri

729 3727 843 3801 ubi
889 3725 1064 3800 finiri
1113 3751 1245 3800 non
1294 3727 1582 3826 potuerit
1628 3726 1816 3821 Ilias,
1868 3752 2003 3801 non
2053 3728 2279 3825 quaeri
2328 3715 2546 3802 autem
2573 3730 2766 3827 quale
2817 3750 2967 3802 esse

727 3831 1025 3905 debuerit
1070 3829 1167 3923 id,
1220 3831 1407 3904 cuius
1458 3831 1540 3903 de
1587 3827 1719 3903 fine
1770 3838 1872 3904 est
1934 3832 2294 3929 quaesitam
2312 3825 2351 3905 Ρ
2467 3830 2551 3903 Id
2613 3833 2791 3904 enim
2841 3854 2966 3905 ca-

724 3941 849 4034 put
896 3933 1021 4026 rei,
1073 3933 1248 4025 sive,
1302 3940 1378 4006 ut
1423 3933 1672 4006 rectius
1724 3933 1977 4027 dicam,
2049 3933 2197 4031 ipsa
2258 3932 2419 4005 Ilias
2470 3942 2591 4007 est.
2696 3933 2965 4010 Conce-
3024 3980 3030 3987 ·

728 4038 951 4136 ditque
1001 4037 1129 4112 hoc
1177 4034 1559 4109 Nitzschius
1610 4061 1868 4135 quoque
1882 4087 1908 4129 ,
1962 4059 2161 4133 quum
2209 4035 2523 4134 pristinae
2570 4035 2798 4111 Iliadis
2848 4058 2965 4109 ar-

683 4143 1112 4237 7gumentum
1176 4139 1263 4212 ad
1321 4136 1498 4212 Iovis
1562 4138 1922 4212 consilium·
1968 4138 2327 4250 restringit.
2444 4136 2529 4212 Id
2592 4141 2962 4231 consilium,

737 4242 910 4343 quod
957 4250 1158 4343 poeta
1201 4241 1304 4316 bis
1352 4240 1567 4317 verbis
1615 4240 1994 4334 declaravit,
2619 4315 2620 4318 ,

1836 4375 1848 4393 ’
1993 4339 2096 4427 ὥς
2136 4342 2454 4440 Ἀχιλῆα
2523 4412 2574 4432 „X

937 4442 1236 4547 τιμήσῃ,
1286 4445 1505 4550 ὀλέσῃ
1554 4442 1640 4527 δὲ
1694 4445 1961 4535 πολέας
2011 4443 2132 4525 ἐπὶ
2177 4444 2454 4545 νηυσὶν
2492 4442 2855 4547 Ἀχαιῶν,
