3275 5317
850 408 1278 473 ΔΗΜΟΙΣ
1313 408 1440 470 ET
1480 404 1998 473 ΠΟΛΕΣΙΝ.
2413 403 2542 473 291

299 569 618 647 Salmasii
684 577 751 645 et
813 568 1238 644 Wakefieldii
1305 570 1722 663 coniectura,
1791 568 1922 646 διὰ
1989 576 2148 645 τῶν
2194 566 2538 670 καιρίων,

297 700 494 774 quam
543 674 832 773 Raspius
895 675 1134 746 iniuria
1197 699 1331 747 non
1398 670 1731 747 Graecam
1798 697 1943 746 esse
2010 671 2352 771 opinatur,
2421 674 2541 746 sed

241 786 246 789 ’
297 778 623 876 quomodo
674 777 1161 874 intelligendum
1215 778 1326 869 sit,
1379 777 1553 875 quod
1604 777 1721 862 ait,
1771 774 1858 847 in
1907 775 2230 869 vulgata
2274 774 2539 898 acquf-

296 903 467 952 ecco
521 903 691 974 ego,
744 881 1000 954 demum
1048 905 1120 978 p.
1175 882 1301 954 60.
1353 888 1421 953 et
1470 882 1597 953 78.
1652 879 1996 952 discimus.
2051 887 2121 952 et
2169 887 2388 952 tamen
2424 880 2540 953 vix

295 985 642 1083 quisquam
692 984 1075 1077 adducetur,
1128 992 1203 1056 ut
1251 981 1380 1059 διὰ
1432 990 1591 1059 τῶν
1634 980 1944 1102 χωρίων
1985 980 2355 1079 significare
2385 1006 2541 1055 cre-

296 1088 410 1159 dat
448 1110 603 1186 per
655 1085 964 1180 smgnla
978 1138 999 1175 ,
1034 1084 1617 1184 particulatim,
1673 1086 1811 1158 sive
1881 1083 2315 1180 (Germanice
2368 1086 2542 1158 enim

292 1189 610 1264 indicavit
658 1190 789 1262 vim
838 1191 1180 1262 verborum
1229 1191 1531 1282 istorum,
1584 1188 1709 1261 etsi
1759 1212 1844 1260 ne
1897 1185 2218 1262 Germani
2280 1188 2541 1286 quidem

292 1292 395 1366 sic
447 1293 803 1391 loquimur)
856 1291 942 1363 in
992 1292 1115 1363 dte
1167 1291 1562 1366 einzelnen
1609 1289 1893 1362 Felder
1933 1289 2211 1384 gehen.
2328 1290 2540 1365 Immo

294 1394 431 1472 διὰ
480 1404 641 1471 τῶν
684 1394 993 1493 χωρίων
1070 1395 1155 1467 ad
1206 1395 1428 1469 demos
1480 1394 1714 1468 referri
1764 1394 2061 1487 videtur,
2143 1393 2380 1493 quique
2430 1393 2543 1467 lo-

295 1500 517 1596 quitur
568 1499 696 1572 hoc
749 1499 995 1591 dicere,
1049 1498 1344 1571 desinere
1383 1523 1455 1571 se
1507 1498 1676 1571 velle
1730 1498 2131 1587 coniunctim
2160 1497 2368 1595 loqui,
2424 1497 2543 1569 sed

290 1603 515 1699 potius
564 1626 687 1776 {pr
753 1601 974 1674 demos
988 1652 1015 1694 ,
1082 1602 1133 1674 i.
1187 1627 1249 1675 e.
1320 1626 1441 1710 per
1507 1602 1778 1675 chorum
1792 1653 1819 1695 ,
1883 1625 2025 1675 rem
2093 1601 2543 1699 expositurum

293 1729 468 1779 esse.
641 1706 797 1777 orba
846 1705 1012 1777 haec
1063 1713 1258 1778 sunt.

502 1840 633 1918 καὶ
680 1849 820 1918 τοῦ
871 1840 1015 1941 μὲν
1066 1845 1148 1919 ἐν
1198 1838 1446 1939 κύκλῳ
1496 1871 1583 1945 γε
1634 1837 2026 1941 παύσομαι
2076 1837 2335 1970 λόγου,

507 1941 781 2046 φρασω
835 1944 927 2021 δε
974 1969 1093 2020 σοι
1143 1944 1230 2021 τὸ
1284 1953 1605 2048 πρᾶγιια
1654 1943 1782 2020 διὰ
1834 1953 1997 2020 τῶν
2039 1942 2369 2040 χωρίων.

293 2082 613 2159 Fortasse
663 2091 882 2157 tamen
932 2108 1065 2156 non
1114 2082 1281 2156 fassa
1332 2091 1436 2156 est
1487 2083 1695 2164 altera
1745 2083 2072 2181 scriptura
2121 2081 2208 2157 τὸ
2265 2087 2541 2179 προῖκα

293 2188 400 2262 vel
447 2185 529 2263 τί
576 2192 877 2286 προῖκα,
930 2185 1114 2284 quod
1163 2186 1265 2258 sit
1304 2184 1690 2279 gratum).
1810 2183 1909 2259 Et
1958 2186 2256 2284 profecto
2309 2184 2542 2258 deinde

293 2316 416 2389 per
469 2291 739 2365 chorum
788 2314 897 2362 res
951 2290 1298 2388 exponitur
1350 2314 1427 2363 eo
1477 2289 1869 2387 fragmento,
1924 2290 2098 2388 quod
2145 2295 2327 2361 recte
2377 2313 2543 2386 pro-

294 2395 548 2467 ximum
615 2394 911 2492 posuisse
975 2393 1232 2467 videtur
1295 2392 1584 2491 Raspius
1600 2445 1626 2485 ,
1694 2394 1806 2490 qui
1872 2417 1942 2490 p.
2009 2396 2133 2466 60.
2203 2392 2328 2464 etsi
2377 2391 2546 2464 falsa

295 2498 411 2569 illa
474 2496 1012 2594 interpretatione
1081 2503 1313 2594 captus
1329 2548 1355 2588 ,
1423 2497 1621 2569 dicit.
1711 2494 2049 2593 loquetur
2117 2494 2319 2569 enim
2381 2518 2545 2566 mm

296 2599 431 2675 διὰ
478 2608 638 2675 τῶν
679 2597 1011 2698 χωρίων.
1111 2598 1268 2672 Non
1320 2600 1515 2690 enim,
1569 2607 1646 2671 ut
1694 2607 1919 2697 putat,
1983 2599 2195 2690 idem,
2251 2598 2362 2695 qui
2412 2599 2545 2670 tri-

297 2711 544 2777 metros
595 2702 744 2774 illos
796 2702 1093 2796 dixerat,
1148 2702 1284 2774 sive
1346 2702 1406 2773 is
1460 2701 1698 2774 chorus
1719 2754 1745 2794 ,
1815 2703 1952 2773 sive
1996 2701 2376 2796 Myronides
2428 2701 2542 2792 sit,

299 2812 715 2880 tetrametros
767 2805 880 2903 qui
947 2813 1305 2902 sequuntur
1365 2804 1794 2902 pronunciat,
1863 2804 1982 2875 sed
2047 2803 2325 2875 trimetri
2390 2811 2543 2875 sunt

297 2908 692 3006 Myronidis,
746 2908 933 2982 chori
982 2915 1238 3000 autem,
1302 2916 1464 2984 τῶν
1518 2906 1869 3005 χωρίων,
1937 2906 2299 2979 tetrametri
2312 2957 2340 2997 ,
2407 2929 2544 2977 non

298 3013 395 3083 illi
446 3021 667 3085 tamen
717 3013 938 3084 statim
988 3012 1332 3083 trimetros
1368 3011 1533 3083 istos
1588 3010 1993 3108 excipientes
2010 3061 2037 3103 ,
2107 3009 2167 3081 si
2231 3032 2390 3082 vera
2438 3016 2543 3080 est

301 3140 404 3210 ea,
459 3138 655 3213 quam
704 3115 876 3186 infra
924 3138 1387 3212 proponemuS,
1442 3113 1688 3212 opinio.

505 3215 589 3290 In
641 3217 1160 3291 duodevicesimo
1211 3218 1574 3314 fragmento
1625 3241 1782 3290 vera
1847 3215 2177 3315 scriptura
2226 3237 2373 3288 esse
2435 3213 2542 3286 vi-

301 3321 489 3395 detur
543 3321 802 3396 αὕαισι
849 3327 1014 3405 ταῖς
1064 3317 1445 3417 κνήμαισι,
1498 3345 1629 3393 non
1684 3321 2012 3396 αὐταῖσι.

507 3424 792 3497 Multum
839 3424 1087 3521 negotii
1135 3423 1387 3522 Raspio
1438 3449 1510 3522 p.
1567 3428 1694 3497 68.
1746 3423 1906 3497 fecit
1954 3422 2383 3519 fragmentum
2434 3419 2542 3492 vi-

304 3529 618 3602 cesimum
668 3527 959 3615 tertium,
1011 3537 1088 3601 ut
1140 3527 1418 3627 denique
1469 3528 1798 3625 putaverit
1869 3526 2100 3617 verba,
2168 3548 2255 3596 ex
2307 3522 2540 3619 quibus

306 3638 590 3722 constat,
639 3637 751 3729 τῷ
802 3629 883 3706 <5³
940 3628 1043 3707 ὂῖν
1091 3630 1293 3715 οἶνος
1344 3635 1452 3727 εἴη
1505 3629 1738 3715 πολὺς
1802 3628 2025 3716 πίσει,
2091 3626 2245 3724 quia
2294 3625 2542 3698 nullum

301 3733 371 3805 in
419 3706 726 3818 ιιιιιιιίιιιιι
750 3733 1166 3831 quadrarent,
1233 3733 1553 3808 Doricam
1620 3758 1888 3832 prosam
1953 3754 2122 3803 esse.
2239 3726 2338 3801 At
2390 3735 2541 3801 ante

304 3838 521 3910 omnia
569 3836 997 3910 removendus
1028 3845 1171 3910 erat
1221 3837 1677 3930 soloecismus,
1734 3861 1863 3934 quo
1912 3833 2092 3907 facto
2127 3840 2360 3931 sponte
2414 3855 2541 3928 ap-

304 3941 598 4036 paritura
661 3948 849 4013 erant
899 3947 1146 4038 metra·
1123 3991 1145 4010 .
2318 3993 2323 3996 -

1324 4042 1477 4142 ὅτῳ
1527 4040 1610 4117 <5³
1668 4040 1769 4117 ἂν
1821 4039 2022 4123 οἶνος
2071 4034 2116 4135 ᾖ
2172 4035 2427 4132 πολύς,

501 4141 732 4222 πίσει.

292 4282 528 4382 Ὅτῳ,
581 4307 781 4381 quum
833 4278 897 4383 ὧ
948 4282 1402 4380 coniecissem,
1455 4282 1983 4387 praeferendum
2003 4303 2151 4354 esse
2178 4277 2376 4355 facile
2427 4302 2545 4352 as-

311 4388 551 4463 sentior
600 4388 892 4462 monenti
939 4384 1335 4463 Fritzschio.
1976 4485 2046 4560 Τ
2075 4490 2123 4559 2
