3275 5317
744 454 876 524 un
967 543 972 558 ι
1636 451 2083 518 scuoLAE

948 615 1043 693 V.
1095 611 1224 696 77.
1273 614 1455 692 Mira
1503 623 1703 738 atque
1750 613 2164 692 incredibilia
2210 614 2536 714 planeque
2588 615 2696 692 rei
2738 615 2821 692 de
2867 640 2988 716 qua

739 746 959 800 sermo
1010 728 1115 796 est
1159 721 1594 821 repugnantia
1645 721 2103 819 excogitarunt
2150 718 2276 796 viri
2302 720 2510 815 docti,
2555 727 2637 796 nt
2674 718 2804 796 hoe
2834 745 2989 819 pro-

741 825 1038 902 verbium
1102 826 1549 925 explicarent,
1630 823 1766 904 ἒνδ
1766 854 1838 904 οι
1901 831 2184 914 πᾶσαι,
2263 822 2306 899 ὃ
2375 822 2528 902 τᾶν
2595 823 2795 904 νυὸν
2857 823 2983 900 εἶπ’

740 924 1189 1029 ἄποκλᾳξας.
1289 926 1655 1003 Proverbia
1717 952 1918 1026 saepe
1983 928 2066 1001 ab
2130 928 2354 1026 aliquo
2421 928 2609 1004 facto
2680 926 2987 1025 originem

739 1032 984 1109 habent
1035 1031 1223 1108 cuius
1274 1032 1590 1106 memoria
1636 1031 1875 1133 periit,
1924 1053 2053 1108 nee
2098 1031 2448 1131 quidquam
2497 1032 2823 1106 remansit
2868 1030 2988 1106 nisi

736 1143 817 1212 nt
864 1135 1123 1220 sciatur
1172 1160 1303 1234 qua
1352 1136 1703 1212 occasione
1751 1135 1836 1209 iis
1886 1136 1987 1209 uti
2034 1135 2260 1214 liceat.
2377 1133 2478 1211 Et
2553 1133 2688 1209 hoe
2741 1134 2988 1233 quidem

738 1239 1157 1340 proverbium
1170 1292 1199 1334 ,
1268 1262 1398 1337 quo
1448 1239 1561 1318 hio
1624 1239 1835 1314 utitur
1898 1237 2276 1333 Praxinoa,
2338 1235 2480 1313 tum
2533 1237 2674 1314 dici
2690 1290 2718 1332 ,
2803 1261 2989 1336 quum

740 1343 1039 1417 omnibus
1090 1342 1483 1417 intromissis
1536 1343 1755 1417 claudi
1805 1342 1982 1416 fores
2046 1349 2364 1450 possunt,
2432 1366 2546 1415 res
2599 1342 2753 1440 ipsa
2801 1365 2989 1418 mon-

740 1453 933 1520 strat.
1041 1445 1239 1539 Quod
1287 1446 1417 1519 nisi
1482 1446 1628 1544 quis
1681 1445 2022 1538 ostendat,
2087 1471 2338 1519 morem
2400 1444 2582 1519 hune
2654 1444 2987 1543 quemdam

738 1549 947 1622 fuisse
1009 1548 1082 1621 in
1162 1548 1448 1647 nuptiis,
1516 1556 1594 1622 nt
1656 1549 1971 1646 ingressis
2036 1548 2109 1620 in
2174 1549 2437 1622 domum
2503 1548 2615 1622 vel
2683 1547 2989 1622 conclave

741 1651 1025 1727 caeteris
1075 1652 1453 1726 mulieribus
1502 1660 1840 1751 postrema
1889 1659 2066 1725 esset
2131 1675 2375 1774 sponsa
2389 1703 2415 1745 ,
2487 1675 2667 1749 quae
2726 1637 2842 1723 ubi
2888 1650 2990 1720 in-

660 1755 666 1760 ’
740 1755 1033 1850 troisset,
1086 1755 1262 1829 fores
1313 1755 1798 1849 clauderentur,
1851 1756 2057 1829 satius
2109 1756 2237 1829 erit
2299 1755 2496 1832 fateri
2563 1755 2828 1830 nescire
2874 1777 2990 1826 nos

742 1884 873 1957 quo
924 1883 1012 1932 ex
1061 1857 1378 1956 singulari
1425 1858 1604 1934 facto
1658 1866 1875 1933 ortum
1924 1859 2015 1932 sit
2061 1858 2225 1932 illud
2273 1859 2723 1989 proverbium.

945 1959 1040 2036 V.
1093 1966 1144 2038 7
1148 1967 1222 2038 9
1286 1959 1444 2035 Non
1494 1970 1721 2062 aptum
1783 1986 1933 2036 esse
1997 1965 2210 2040 θεῶν
2278 1957 2783 2062 περονάματα
2847 1988 2990 2058 φα-

742 2069 893 2151 σεῒς
942 2074 1292 2139 senserunt
1338 2065 1759 2164 interpretes,
1859 2062 2017 2141 Non
2064 2066 2340 2139 multum
2390 2063 2781 2141 adiuvamur
2828 2064 2990 2137 duo-

737 2194 887 2242 ιιιιιι
938 2170 1242 2242 codicum
1306 2167 1684 2241 diversitate
1734 2167 2139 2266 scripturae,
2210 2188 2486 2266 quorum
2553 2168 2728 2244 alter
2775 2196 2990 2270 περο-

735 2269 1050 2449 pestinata,
1070 2272 1272 2447 'flmm-
1297 2267 1807 2449 greganiam&
1862 2269 2088 2507 12122Qb2et.
2205 2269 2350 2350 Sed
2411 2270 2849 2350 Homericum
2903 2268 2991 2342 il-

763 2401 809 2447 u
905 2375 1093 2449 consi
1138 2398 1297 2448 eran
1519 2399 1625 2472 yss

2392 2474 2518 2552 οἷα
2571 2471 2844 2554 θεάων

949 2577 1178 2657 λεπτοί
1227 2608 1310 2658 τε
1360 2576 1490 2657 καὶ
1532 2577 1901 2681 χαρίεντα
1950 2576 2081 2655 καὶ
2108 2576 2425 2683 ἀγλαὰ
2399 2585 2586 2684 ἔργα
2616 2582 2987 2665 πέλονται,

740 2683 916 2786 qnod
964 2684 1290 2760 imitatum
1340 2709 1487 2760 esse
1539 2682 1977 2758 Theocritum
2025 2683 2143 2755 illa
2191 2683 2500 2783 produnt,
2554 2684 2656 2762 τὰ
2697 2682 2990 2761 ποικίλα

740 2796 1037 2890 πρᾶτον
1088 2789 1467 2889 ἄθρησον,
1535 2785 1765 2864 λεπτοὶ
1816 2786 1946 2862 καὶ
1998 2786 2101 2874 ὥς
2140 2785 2551 2887 χαρίεντα,
2603 2789 2747 2863 veri
2786 2785 2988 2861 simile

741 2892 944 2968 credo
998 2892 1358 2988 videbitur,
1401 2917 1552 2967 eum
1601 2891 1921 2976 vocabulo
1972 2916 2108 2966 non
2160 2892 2315 2963 alibi
2367 2891 2541 2991 quod
2564 2893 2778 2966 sciam
2795 2913 2989 2964 usur·

736 3005 939 3096 pato,
1007 2997 1126 3074 sed
1189 3005 1373 3071 recte
1442 3021 1484 3068 a
1542 2994 1822 3098 χερνὴς,
1862 2996 1969 3069 vel
2022 2990 2427 3096 χερνήτης,
2493 2996 2768 3094 propria
2816 2990 2988 3068 verbi

738 3098 1242 3196 significatione,
1296 3099 1576 3174 deducto
1628 3100 2004 3200 scripsisse,
2057 3104 2270 3176 θεῶν
2310 3096 2777 3229 χερνάματα
2842 3124 2988 3200 φα-

742 3209 918 3287 σεῒς.
1020 3201 1174 3277 Nisi
1221 3203 1392 3277 forte
1442 3205 1586 3300 ipse
1637 3204 2009 3303 composuit
2049 3199 2564 3302 χερονᾶματα.

944 3303 1039 3380 V.
1095 3310 1221 3381 90.
1271 3303 1356 3378 In
1404 3303 1629 3404 Etym.
1698 3306 1803 3379 M.
1868 3331 1940 3405 p.
1995 3308 2176 3400 681,
2231 3304 2357 3381 54.
2425 3304 2614 3379 etin
2684 3301 2987 3380 Gudiano

622 3412 626 3418 ’
740 3437 823 3540 p.
865 3412 1048 3503 490,
1107 3413 1229 3483 14.
1293 3409 1536 3507 legitur
1595 3405 2031 3507 πασάμενος
2095 3406 2520 3486 ποτίτασσε,
2628 3418 2987 3509 Συρακο-

739 3510 940 3599 σίαις
1006 3510 1442 3598 ἐπιτάσσεις.
1590 3511 2099 3586 convenientius
2178 3512 2437 3587 videtur
2512 3512 2746 3586 iterari
2819 3510 2988 3583 idem

740 3618 1034 3692 verbum.
1135 3614 1238 3690 Et
1282 3614 1512 3716 quidni
1560 3615 1964 3692 ποτίτασσε
2015 3616 2371 3714 genuinum
2422 3616 2794 3708 credamus,
2861 3634 2985 3710 quo

738 3720 1088 3819 productio
1151 3721 1368 3793 brevis
1432 3719 1720 3815 syllabae
1782 3728 1939 3794 ante
2003 3721 2301 3794 vocalem
2314 3772 2341 3814 ,
2412 3720 2494 3793 de
2560 3743 2696 3819 qua
2744 3717 2988 3791 dictum

746 3823 837 3898 ad
884 3848 951 3899 v.
1006 3822 1135 3898 59.
1188 3821 1492 3896 evitatur.
1593 3821 1754 3900 Erit
1799 3822 2004 3922 igitur
2069 3833 2140 3902 et
2206 3820 2609 3904 ποτίτασσε
2661 3829 2734 3900 et
2779 3844 2986 3896 ποτι-

747 3922 1051 4012 τοίσσεις
1100 3926 1539 3999 scribendum.

457 4061 460 4066 ·
602 4028 798 4106 1075
954 4028 1049 4105 V.
1103 4032 1232 4104 94.
1282 4026 1500 4104 Valde
1545 4028 1926 4107 laborarunt
1973 4028 2097 4104 viri
2145 4027 2364 4122 docti,
2429 4036 2508 4108 nt
2553 4028 2788 4108 horum
2838 4046 2985 4099 ver·-

749 4159 943 4208 suum
992 4132 1381 4208 sententiam
1431 4133 1843 4233 expedirent.
1960 4130 2179 4208 Plana
2234 4141 2392 4210 sunt
2456 4133 2716 4226 omnia,
2778 4129 2842 4206 si
2886 4123 2984 4199 sic

747 4237 1330 4338 interpunguntur

953 4339 1059 4441 μὴ
1112 4339 1336 4442 φυίη,
1376 4336 1848 4429 Mamaeam,
1900 4338 1985 4425 ὃς
2026 4336 2263 4470 ἁμῶν
2311 4336 2672 4470 καρτερὸς
2722 4338 2832 4429 εἴη

955 4440 1157 4522 πλάν
1207 4440 1400 4531 5769.-
1450 4445 1593 4523 οὐκ
1624 4444 1890 4548 ἀλέγω.
1943 4437 2050 4543 μή
2098 4470 2234 4542 μοι
2281 4439 2550 4524 κενεὰν
2573 4431 2982 4541 οἷπομάξηςο
