3275 5317
1031 443 1749 515 'runocm‘rmu
1874 539 1878 546 0
2420 441 2511 512 8⁹

284 604 462 681 Eum
511 605 733 682 dicere
780 614 1039 708 putant,
1088 611 1222 682 non
1269 606 1477 681 solum
1524 606 1830 700 Plutum,
1880 603 1999 680 sed
2047 605 2245 680 etiam
2292 603 2511 682 Aino-

283 735 424 785 rem
475 733 748 785 caecum
797 735 971 785 esse.
992 751 996 762 ·
1083 710 1240 784 Non
1285 710 1580 784 adducor
1594 760 1621 804 ,
1688 716 1764 782 ut
1798 708 1883 781 ·id
1945 709 2086 785 οὐκ
2133 708 2359 794 αὐτὸς
2408 710 2510 782 si-

284 810 597 911 gnificare
649 812 935 906 credam,
986 812 1131 906 sed,
1181 813 1243 885 si
1289 811 1405 885 illa
1424 820 1659 912 poetae
1686 836 1868 884 mens
1891 811 2290 905 fuisset,013
2320 820 2511 908 μοῦ-

285 944 444 1008 νος,
496 915 753 1013 opinor,
808 916 1107 990 dixisset.
1206 914 1566 989 Praeterea
1612 913 1922 988 mirificas
1987 865 2275 990 ratidnes
2324 916 2515 988 inve·-

283 1026 523 1092 nerunt
569 1019 957 1117 interpretes
971 1070 999 1112 ,
1063 1026 1141 1091 ut
1207 1014 1705 1117 ἀφρόντιστος
1770 1017 1925 1115 quid
1974 1003 2150 1092 esset
2212 1017 2516 1118 explica-

283 1128 457 1196 rent.
559 1121 731 1195 Mihi
780 1121 1124 1221 scripsisse
1171 1120 1428 1195 videtur
1477 1120 1914 1194 Theocritus·

492 1256 925 1358 μωμᾶσθαί
968 1258 1045 1357 μ’
1100 1258 1296 1359 α’ρχῃ
1359 1254 1480 1334 τύ.
1545 1256 1831 1356 τυφλὸς
1896 1256 1980 1334 δ’
2033 1263 2101 1334 εἰ
2145 1257 2422 1342 καύτὸς
2472 1255 2515 1334 ὃ

1511 1364 1886 1453 Πλοῦτος,

493 1462 688 1541 cm&
764 1461 896 1539 καὶ
1000 1461 1082 1539 (υ
1110 1459 1556 1564 φρόντιστος
1617 1464 1903 1641 2ἕδραις·
2008 1460 2253 1562 μηδὲν
2326 1462 2521 1565 μέγα

1513 1595 1620 1665 μυ
1688 1595 1761 1643 ει
1978 1609 1982 1614 ’

297 1701 645 1776 Irrt'dere
694 1723 814 1774 me
865 1699 1170 1802 accipis.
1280 1701 1563 1776 Caecus
1614 1713 1874 1778 autem
1923 1701 1999 1774 εἰ
2039 1713 2124 1776 et
2146 1702 2306 1803 apso
2330 1699 2524 1776 Plu-

298 1817 418 1879 tus
483 1816 641 1899 est,
717 1813 808 1877 at
872 1804 1110 1879 etnam
1170 1802 1409 1878 Amor
1487 1806 1963 1899 ιὀιοοςίταιιιε
2029 1816 2149 1878 est
2208 1827 2524 1878 caecus:

296 1933 389 1982 ne
440 1919 519 1982 te
570 1908 893 1982 §.cotan
994 1908 1150 1982 Non
1201 1916 1445 1982 temere
1494 1909 1681 1983 Pluti
1728 1910 2122 1983 mentionem
2168 1909 2354 2004 facit,
2406 1908 2529 1984 sed

298 2022 369 2086 ut
415 2020 606 2087 notet
651 2012 993 2106 Milonem,
1048 2011 1159 2109 qui
1208 2035 1419 2111 neque
1478 2013 1672 2111 inops
1722 2020 1903 2105 erat,
1969 2019 2045 2085 nt
2109 2036 2196 2086 ex
2262 2037 2328 2085 v.
2404 2015 2530 2085 13.

299 2116 626 2213 colligitur
639 2167 667 2209 ,
758 2123 825 2190 et
845 2179 860 2202 .,
915 2122 1125 2188 totum
1204 2139 1278 2187 se
1357 2114 1623 2188 dederat
1713 2114 2120 2214 quaerendae
2182 2114 2529 2214 pecuniae.

292 2215 814 2318 Ἀφρόντιστος
846 2218 1100 2316 ’Ἑρως
1149 2218 1236 2290 ad
1282 2217 1444 2290 illud
1491 2216 1661 2291 lucri
1708 2218 2015 2292 -studium
2076 2216 2455 2316 respicienti
2477 2222 2676 2298 1064

297 2321 496 2396 Batto
549 2321 788 2395 dicitur
837 2322 1051 2394 activa
1098 2328 1422 2420 potestate
1438 2373 1466 2414 ,
1531 2322 1643 2418 qui
1709 2322 1926 2395 omnia
1989 2329 2253 2419 praeter
2317 2320 2525 2393 amari

53 2479 56 2560 ὲ
299 2426 482 2524 parvi
528 2423 779 2525 pendit.
881 2422 1153 2497 Passive
1205 2424 1372 2499 dixit
1418 2421 1784 2522 Aeschylus
1832 2420 2075 2522 Agam.
2133 2426 2362 2499 1386.

53 2569 56 2660 j
507 2560 676 2660 ἐαοὶ
724 2558 803 2637 δ’
860 2557 1073 2663 ἄγων
1124 2558 1249 2637 ὁδ’
1305 2560 1448 2638 οὐκ
1498 2558 2003 2661 ἀφρόντιστος
2052 2559 2285 2637 πάλαι

504 2663 750 2761 νείκης
797 2672 1120 2748 παλαιᾶς
1166 2661 1381 2760 ἦλθε,
1435 2664 1580 2743 σὺν
1622 2662 1885 2765 χρόνῳ
1933 2693 2020 2767 γε
2067 2662 2244 2763 μήν.

503 2800 600 2876 V.
652 2807 779 2876 29.
849 2802 1046 2895 Quod
1106 2801 1297 2898 vulgo
1364 2801 1639 2899 legitur,
1709 2803 1864 2878 ἀλλ’
1933 2803 2170 2899 ε’,ιιπας
2235 2805 2317 2880 ἐν
2378 2809 2535 2887 τοῖς

311 2902 705 3006 στεφάνοις
737 2903 848 2980 τὰ
902 2913 1155 3005 πρᾶτα
1220 2904 1598 3006 λέγονται,
1651 2905 1839 2977 valde
1903 2905 2206 3004 displicet
2265 2913 2535 3003 propter

308 3011 459 3095 τοῖς
511 3009 884 3128 articulum,
938 3031 1213 3105 eumque
1278 3009 1393 3080 illo
1457 3009 1531 3080 in
1577 3031 1805 3082 versus
1873 3007 2023 3080 loco
2089 3008 2536 3105 positmn,in

312 3139 460 3211 quo,
516 3111 809 3210 quamvis
836 3111 1085 3188 inutilis
1135 3109 1248 3203 sit,
1300 3111 1583 3183 maxime
1634 3110 2006 3183 exauditur.
2110 3110 2394 3203 Quidam
2443 3110 2536 3182 li-

310 3217 407 3289 bri
456 3219 541 3293 ἐν
590 3223 702 3314 τῷ
754 3211 1131 3314 στεφάνῳ.
1232 3212 1411 3287 Hinc
1462 3213 1918 3311 corrigendum
1970 3211 2285 3287 arbitror.

516 3352 672 3429 ἀλλ’
728 3380 964 3451 εμπας
1015 3355 1098 3428 ἐν
1145 3355 1304 3435 τοῖς
1355 3347 1705 3451 στεφάναι
1754 3350 1851 3428 τὰ
1877 3358 2132 3451 πρᾶτα
2175 3351 2551 3455 λέγονται.

316 3490 671 3565 Notissima
731 3489 977 3563 locutio
1044 3492 1127 3566 ἐν
1186 3496 1343 3575 τοῖς
1404 3499 1728 3588 πρῶτοι,
1811 3489 1892 3562 de
1959 3514 2089 3587 qua
2149 3488 2421 3562 Reizius
2469 3490 2542 3561 in

317 3594 470 3668 diss.
524 3594 606 3666 de
655 3593 882 3666 inclin.
935 3616 1082 3666 acc.
1136 3618 1206 3691 p.
1261 3596 1381 3668 17.
1434 3618 1618 3692 seqq.
1674 3600 1740 3665 et
1767 3592 2007 3666 ibidem
2035 3590 2349 3686 Wolfius,
2402 3600 2542 3665 tum

315 3693 722 3770 Fritzschius
789 3694 863 3768 in
944 3695 1246 3787 Quaestt.
1326 3695 1614 3770 Lucian.
1693 3721 1766 3797 p.
1840 3699 2019 3769 221.
2101 3696 2539 3795 disputarunt.

319 3797 448 3873 Hic
497 3801 803 3918 qnoniam
850 3824 983 3872 non
1029 3797 1350 3873 infinitum
1400 3809 1664 3896 πρῶτα
1679 3852 1706 3893 ,
1774 3799 1892 3872 sed
1941 3798 2192 3873 finitum
2209 3852 2234 3891 ,
2270 3797 2542 3897 prima
2648 3807 2653 3810 ‘

324 3920 676 3997 coronae,
728 3902 1071 3976 dicendum
1120 3911 1286 3995 erat,
1339 3910 1637 4000 apertum
1700 3909 1801 3975 est
1866 3927 1986 3975 cur
2050 3926 2199 3974 cum
2265 3901 2543 3974 articulo

327 4003 669 4106 στεφάναι
718 4004 818 4081 τὰ
867 4014 1119 4104 πρᾶτα
1172 4006 1514 4079 dicendum
1544 4004 1771 4079 fuerit.
1818 4003 2308 4098 Quodammodo
2337 4003 2548 4076 simile

326 4116 430 4181 est
487 4110 659 4209 quod
720 4133 761 4182 e
824 4107 1103 4206 Dionys.
1170 4108 1329 4182 Hal.
1396 4108 1477 4183 de
1538 4106 1753 4184 Isocr.
1823 4111 1897 4181 2.
1949 4108 2344 4181 attulerunt.
2408 4103 2550 4201 τὴν

330 4209 715 4288 διάλεκτον
781 4212 1205 4314 ακριβοῦσα
1274 4216 1357 4288 ἐν
1419 4217 1577 4298 τοῖς
1637 4209 1843 4289 πανυ
1907 4210 2048 4307 τὴν
2109 4208 2374 4307 κοινὴν·
2422 4209 2553 4287 καὶ

333 4311 916 4411 συνηθεστάτην.
1962 4361 1979 4400 χ

529 4416 621 4490 V.
674 4422 799 4492 33.
852 4418 953 4493 sic
1003 4417 1278 4493 editum:
