3275 5317
1148 447 1647 512 LYCVRGIA
2436 451 2522 518 13

283 629 426 685 nem
475 607 873 707 quaerimus,
937 608 1367 708 pertineant.'
1452 608 1630 683 Nam
1696 614 1770 685 et
1832 612 2339 711 μακροσκελὴς
2401 613 2522 689 illa

277 715 531 788 locusta
580 720 708 806 est,
761 721 830 786 et
880 714 1132 805 eadem,
1187 713 1343 812 quia
1389 738 1630 787 nocere
1682 714 2002 812 adspectu
2064 740 2184 789 suo
2251 715 2515 811 dicitur,

271 813 594 914 χλούνης
645 815 940 909 vocatur,
995 818 1054 889 si
1081 817 1197 889 id
1175 826 1606 917 κακοῦργον
1658 816 2021 913 significat·
2089 827 2165 892 nt
2178 871 2203 912 ,
2258 820 2317 891 si
2366 819 2613 893 Ho-ll

276 921 436 994 meri
489 920 912 994 scholiastam
979 944 1130 993 cnm
1198 919 1547 993 Theocriti
1616 920 1974 1050 interprete
2042 923 2517 1021 componimus»,

274 1023 687 1097 manifestum
739 1023 847 1116 sit,
903 1048 1023 1097 cnr
1072 1024 1184 1096 ille
1201 1076 1226 1116 ,
1279 1024 1392 1095 nbi
1450 1019 1787 1119 χλούνην
1853 1026 2022 1102 dixit
2090 1035 2522 1129 κακοῦργον

275 1151 445 1220 esse,
502 1125 587 1198 ad
637 1125 800 1197 illud
849 1126 1146 1200 locustae
1197 1151 1427 1223 genus,
1480 1151 1868 1223 versumque
1919 1125 2233 1225 Aeschyli
2298 1139 2522 1202 trans-

271 1229 445 1302 ierit.
551 1227 663 1301 Ea
712 1236 930 1301 antem
981 1231 1233 1302 ratione
1285 1230 1543 1326 egregie
1595 1229 2041 1324 confirmatur,
2096 1233 2270 1330 qnod
2317 1256 2526 1330 saga-³

272 1333 442 1408 citer
496 1333 868 1430 suspicatus
919 1341 1064 1405 erat
1112 1332 1492 1428 Bottigerus
1509 1385 1535 1425 ,
1604 1334 1675 1405 in
1728 1335 2139 1432 capripedem
2206 1333 2522 1431 Satyrum

275 1436 597 1532 quadrare
646 1436 808 1508 illud
857 1437 1318 1533 fragmentum.
1454 1434 1581 1511 Sic
1650 1444 1872 1510 antem
1935 1438 2352 1530 scribendum
2412 1438 2521 1513 vi-

275 1540 508 1613 detur:

286 1671 333 1698 ”
431 1682 660 1785 ΑΓΓ.
714 1676 1222 1776 μακροσκελὴς
1272 1677 1434 1775 μέν.
1552 1680 1791 1753 AYK.
1847 1674 1999 1778 ἄρα
2048 1676 2153 1779 μὴ
2197 1674 2524 1775 χλούνης

1506 1808 1619 1866 τις
1669 1777 1807 1878 ἧνῑ

429 1916 517 1988 Ν
519 1914 732 1989 VNG.
770 1914 1218 2015 praelonga
1271 1928 1480 1988 certe
1535 1944 1803 1991 crura.
1908 1917 1973 1988 L
1992 1918 2135 1992 YG.
2189 1943 2373 1990 num
2407 1916 2556 1989 lo·-

1518 2033 1742 2093 custa
1795 2022 2019 2093 erat?
2050 2074 2090 2109 ,

274 2155 453 2231 Nam
503 2157 588 2250 si,
639 2166 716 2230 ut
766 2158 1166 2231 consuetudo
1218 2158 1594 2255 tragoediae
1649 2159 1904 2253 suadet,
1957 2160 2235 2232 nuncius
2288 2158 2523 2257 aliquis

276 2261 627 2354 referebat,
683 2285 875 2358 quam
927 2262 1094 2334 mira
1144 2270 1340 2359 atque
1390 2264 1810 2335 incredibili
1812 2263 2033 2361 specie
2087 2263 2347 2360 quidam
2399 2262 2525 2334 ad-

277 2365 611 2437 venissent
663 2365 1120 2438 semihomines
1172 2366 1297 2437 viri
1311 2417 1336 2458 ,
1393 2375 1904 2439 consentaneum
1970 2375 2153 2458 erat,
2224 2374 2526 2440 contem-

276 2475 533 2564 ptorem
582 2466 839 2540 Bacchi
886 2465 1270 2564 Lycurgum
1318 2469 1592 2541 irridere
1643 2471 1808 2542 haec
1857 2470 2220 2562 nuncianti,
2271 2479 2342 2541 et
2369 2494 2527 2542 ver-

276 2577 417 2643 tere
469 2571 544 2642 in
592 2570 966 2663 ludibrium,
1023 2580 1440 2668 quaerentem
1454 2623 1479 2663 ,
1546 2598 1706 2644 num
1770 2572 1932 2644 illud
1980 2572 2196 2668 longis
2248 2581 2315 2644 et
2365 2595 2528 2668 gra-

279 2674 514 2745 cilibus
567 2673 865 2746 cruribus
917 2674 1175 2746 imbelle
1227 2683 1585 2756 monstrum
1635 2677 1895 2748 locusta
1961 2684 2137 2747 esset
2201 2676 2345 2748 visu
2394 2700 2527 2749 no-

282 2777 517 2864 citura.
625 2774 976 2849 Caeterum
1022 2778 1154 2849 nisi
1205 2778 1447 2851 diserte
1498 2779 1944 2851 'masculinnm
2009 2779 2183 2876 apud
2252 2775 2530 2851 Homeri

280 2879 700 2953 scholiastam
769 2880 1089 2978 scriptum
1153 2881 1520 2977 legeretur,
1573 2882 1770 2954 facile
1825 2881 2162 2954 crederem
2213 2881 2527 2953 feminino

280 3008 518 3079 genere
583 2982 910 3055 locustam
970 2992 1291 3079 χλοῦνιν
1356 3008 1504 3055 esse
1572 2984 2038 3082 appellatam,
2072 2984 2145 3055 id
2212 2992 2286 3055 ut
2350 2989 2530 3056 esset

279 3086 673 3160 adiectivum
720 3086 1054 3160 intellecto
1109 3085 1322 3187 ἇκρὶς
1372 3087 1801 3160 substantivo.

488 3186 771 3287 Captum
817 3214 961 3262 esse
1015 3191 1096 3262 ab
1148 3188 1460 3287 Lycurgo
1525 3189 1907 3282 Bacchum,
1989 3214 2074 3261 ex
2126 3189 2392 3262 scholiis
2445 3129 2534 3264 ad

285 3292 1003 3390 Thesmophoriazusas
1056 3295 1229 3367 infra
1277 3294 1762 3367 memorabitur.
1883 3290 2143 3389 Itaque,
2199 3293 2371 3390 quod
2423 3300 2536 3365 et·-

282 3395 411 3468 iam
462 3421 550 3469 ex
601 3393 1007 3493 Apollodoro
1042 3398 1484 3494 cognoscitur,
1535 3398 1788 3494 proelio
1824 3396 2202 3469 conflixisse
2251 3394 2531 3469 Edonos

187 3515 195 3523 '
284 3524 433 3572 cum
483 3499 739 3572 Bacchi
787 3525 986 3596 grege
1039 3501 1182 3574 iure
1235 3508 1617 3575 statuemus.
1724 3499 1920 3573 Hanc
1971 3524 2227 3598 quoque
2278 3523 2419 3571 rem
2446 3498 2532 3571 ab

284 3603 502 3701 aliquo
551 3603 795 3676 nuncio
860 3604 1261 3709 descriptam
1324 3628 1471 3676 esse
1538 3612 1853 3677 constans
1919 3627 2080 3675 usus
2131 3603 2535 3699 tragicorum

287 3707 467 3779 credi
512 3706 720 3779 iubet.
820 3703 930 3781 Eo
969 3706 1261 3780 fortasse
1310 3707 1619 3804 pertinet,
1677 3707 1849 3803 quod
1898 3705 2266 3802 Hesychius
2281 3757 2308 3800 ,
2363 3703 2536 3779 Sui·-

288 3809 445 3901 das,
512 3806 882 3883 Favorinus
949 3809 1110 3882 satis
1175 3811 1493 3909 perplexa
1544 3812 1841 3883 oratione
1888 3811 2206 3883 referunt.
2307 3808 2536 3907 Hesy-

287 3912 510 3989 chius.
565 3912 929 4047 αἰκγίζειν,
955 3911 1316 3991 διασπᾶν.
1389 3917 1470 3988 ἐκ
1536 3922 1996 4015 μεταφορᾶς.
2067 3911 2241 4043 παρ’
2309 3912 2351 3987 ὃ
2404 3911 2537 3987 καὶ

291 4015 718 4106 αἰκίζεσθαι
785 4016 934 4092 απὸ
1004 4026 1165 4093 τῶν
1231 4016 1718 4119 καταιγίδων.
1856 4012 2257 4114 Αἰσχύλος.
2335 4045 2373 4088 ο
2443 4014 2528 4089 δ

292 4119 520 4204 αὐτὸς
587 4149 672 4197 εν
694 4120 1077 4205 Ἠδωνοῖς
1142 4122 1390 4216 (codex
1436 4120 1712 4218 ἡδονῇ)
1780 4121 1913 4197 καὶ
1975 4150 2115 4204 τας
2179 4115 2534 4217 νευρίδας

295 4222 492 4298 οὕτω
543 4224 752 4328 λεγει.
857 4221 1147 4298 Suidas.
1197 4223 1552 4327 αἶγίζειν,
1625 4226 1985 4302 διασπᾶν.
2053 4227 2135 4300 ἐκ
2195 4250 2534 4323 μεταφο-

299 4332 460 4425 ρᾶς,
488 4329 684 4458 παρ’
740 4360 780 4403 ο
834 4327 964 4403 καὶ
1011 4327 1098 4404 τὸ
1138 4328 1612 4461 ouy'c'geoffat,
1666 4328 1814 4405 ἀπὸ
1852 4335 2014 4405 τῶν
2040 4325 2530 4458 καταιγίδων.

300 4427 689 4528 Αἰσχύλος.
742 4430 784 4508 ὃ
838 4429 923 4509 δ’
977 4428 1211 4517 αῢτὸς
1258 4435 1341 4512 ἐν
1383 4432 1751 4517 Ἠδωνοῖς
1804 4431 1935 4508 καὶ
1980 4429 2120 4516 τὰς
2170 4429 2533 4533 νεβρίδας
