3275 5317
931 477 1708 544 MYRmDonvs
1753 487 1859 547 etc.
2416 480 2545 547 149

475 642 743 744 Ιεἰπεῖν
795 636 1061 718 ἲδόντα
1110 642 1458 741 μηχανὴν
1508 639 2053 744 πτερώματος,·

505 740 691 819 τάδ’
744 744 885 841 οὐχ
933 743 1080 821 ὑπ’·
1115 747 1391 841 ἄλλων,
1446 746 1635 824 ἀλλὰ
1697 753 1856 832 τοῖς
1921 746 2171 824 αὑτῶν
2222 754 2538 848 ’πτεροῖς

506 843 1049 947 ἁλισκόμεσθα.

306 979 646 1079 πεποίηκε
695 982 846 1086 γὰρ
900 986 940 1062 ὃ
992 980 1371 1083 Αἰσχύλος
1424 984 1648 1065 ἀετὸν
1675 984 2213 1088 τρωννύμενον
2244 987 2374 1064 καὶ
2422 988 2537 1063 λέ-

304 1114 536 1187 γοντα
588 1097 858 1178 ταῦτα,
911 1088 1159 1186 ἐπειδὴ
1210 1088 1359 1165 εἶδε
1409 1089 1497 1165 τὸ
1565 1091 1784 1190 βέλος
1849 1090 2362 1191 ἐπτερωμένον
2411 1089 2540 1167 καὶ

305 1191 870 1290 ἐμπεπαρμένον
920 1194 1151 1292 αὐτῷ.
1264 1190 1470 1265 Aliud
1536 1194 1836 1268 scholion
1902 1195 2040 1268 sic:
2107 1201 2308 1279 τοῖς
2374 1194 2538 1271 αὖἰ

303 1299 486 1369 τῶν
535 1301 942 1395 πτεροῖς.
997 1295 1177 1373 ὅλον
1223 1304 1450 1374 τοῦτο
1518 1299 1599 1371 ἐκ
1664 1295 2203 1396 Μυρμιδόνων
2250 1294 2539 1394 Αἰσχύ-

305 1402 477 1471 λου·
545 1398 715 1493 οὐχ
776 1398 927 1475 ὑπ’
999 1399 1308 1476 ἄλλων
1376 1399 1604 1475 ἀλλὰ
1672 1407 1870 1485 τοῖς
1939 1400 2250 1476 αὑτῶν
2315 1430 2538 1475 πτε-

302 1505 504 1596 ροῖς
556 1498 1270 1597 ἁλισκόμεσθα,
1342 1502 1517 1579 οἷντὶ
1564 1512 1705 1578 τοῦ
1758 1506 2051 1588 ἑαυτοῖς
2115 1512 2359 1580 ταῦτα
2408 1533 2540 1578 πε-

299 1599 736 1703 ποιήκαμεν.
882 1603 1105 1706 Habet
1178 1603 1494 1702 Aeschyli
1566 1631 1796 1680 versus
1872 1608 2073 1680 etiam
2148 1604 2396 1680 Suidas
2470 1608 2541 1678 in

297 1704 520 1781 ταυτὶ
567 1707 736 1805 μέν,
786 1708 902 1780 ubi
954 1708 995 1783 ὃ
1050 1707 1136 1784 δὲ
1192 1711 1346 1784 ἔστι
1396 1705 1708 1804 μύθων,
1763 1717 1830 1783 et
1879 1711 2232 1782 maximam
2281 1717 2539 1808 partem

297 1807 368 1880 in
418 1810 559 1906 οὐχ
608 1801 746 1885 ὑπ’
787 1812 1062 1888 ἄλλων.
1168 1812 1365 1905 Quod
1413 1812 1751 1908 Reisigius
1801 1814 1872 1884 in
1899 1810 2201 1885 Coniect.
2250 1838 2323 1911 p.
2356 1816 2532 1886 208.

299 1910 656 1986 mirabatur
702 1938 829 1987 nec
880 1913 1227 2013 Toupium
1268 1939 1395 1986 nec
1444 1912 1815 1986 Porsonum
1882 1914 1984 1998 εἷς
2035 1914 2118 1989 δ’
2176 1916 2331 1988 ἔστι
2381 1911 2537 2014 μύ-

298 2018 475 2092 θων
523 2017 897 2113 scripsisse,
949 2018 1181 2089 merito
1232 2017 1650 2114 reprehendit
1697 2014 2105 2091 Fritzschius
2133 2017 2201 2088 in
2229 2018 2532 2109 Quaestt.

297 2115 477 2191 Luc.
530 2144 601 2216 p.
662 2123 833 2192 164.
945 2119 1146 2192 Multi
1210 2120 1567 2216 scriptores
1582 2170 1608 2213 ,
1694 2121 1806 2217 qui
1867 2120 1981 2191 illa
2044 2121 2379 2219 paroemia
2430 2120 2536 2192 usi

300 2217 610 2317 Aeschyli
658 2246 918 2295 versum
967 2231 1439 2320 respexerunt,
1490 2223 1807 2295 nominati
1871 2231 2025 2296 sunt
2087 2248 2129 2294 a
2195 2220 2535 2296 Gatakero

299 2317 368 2395 in
412 2322 591 2398 Adv.
643 2325 863 2422 posth.
915 2351 986 2423 p.
1044 2325 1220 2399 538.
1276 2350 1444 2424 seq„
1498 2350 1541 2396 a
1587 2324 1889 2398 Porsono
1943 2326 2028 2397 ad
2054 2323 2294 2428 Eurip-
2346 2326 2534 2399 Med.

307 2431 475 2500 139.
542 2423 745 2501 Vm.
836 2430 1101 2526 quicum
1169 2428 1646 2526 comparandus
1728 2426 2210 2502 Valckenarius
2291 2427 2378 2501 ad
2448 2428 2536 2502 fr.

302 2528 561 2604 Gallim.
613 2555 683 2628 p.
738 2534 943 2626 286„
997 2556 1040 2603 a
1087 2529 1502 2604 Blomfieldio
1530 2531 1615 2604 ad
1643 2527 1886 2627 Agam.
1920 2535 1970 2606 7
1974 2536 2127 2625 96„
2181 2557 2223 2603 a
2273 2528 2537 2605 Sohae-

298 2632 435 2707 fero
488 2634 574 2704 ad
622 2629 963 2731 Aesopum
1013 2660 1083 2732 p.
1144 2638 1314 2707 136.
1417 2632 1612 2707 Adde
1668 2631 1997 2707 Galenum
2061 2636 2142 2706 de
2206 2633 2342 2731 Hip
2391 2659 2532 2707 ocr.

300 2743 366 2808 et
411 2734 593 2808 Plat.
647 2735 909 2834 placitis
962 2737 1059 2810 Τ.
1111 2735 1172 2810 Ι.
1225 2762 1295 2834 p.
1353 2739 1528 2809 280.
1584 2735 1690 2808 ed.
1744 2735 1906 2808 Bas.
1977 2737 2113 2809 sive
2168 2735 2263 2808 T.
2315 2660 2408 2808 ὅ.
2462 2761 2531 2833 p.

303 2838 476 2911 395.
508 2838 638 2911 ·ed.
690 2836 887 2937 Lips.
991 2836 1101 2910 De
1151 2838 1387 2910 fabulis
1437 2835 1799 2933 Libystinis
1867 2839 2173 2912 disseruit
2235 2836 2539 2911 Grauer-

300 2948 404 3013 tus
452 2942 526 3012 in
576 2941 742 3013 libro
797 2942 879 3013 de
929 2937 1199 3038 Aesopo
1253 2948 1320 3013 et
1367 2940 1604 3011 fabulis
1656 2937 1967 3037 Aesopiis
2031 2967 2101 3052 p.
2156 2945 2280 3014 79.
2352 2946 2574 3037 seqq.*

501 3041 712 3115 Anna
760 3042 962 3140 igitur
1008 3044 1347 3140 requirens
1396 3040 1695 3114 Achilles
1718 3043 1832 3114 illa
1859 3044 2142 3135 dicebat,
2197 3067 2363 3141 quae
2409 3067 2537 3139 exj-

300 3154 474 3221 stant
538 3147 714 3245 apud
781 3146 1198 3219 scholiastam
1261 3139 1724 3243 Aristophanis
1809 3145 1895 3217 ad
1956 3146 2085 3219 hoc
2128 3147 2219 3230 ,in
2283 3142 2537 3217 Avibus

301 3275 359 3322 v.
419 3253 646 3323 1420.
698 3258 1021 3349 πτερῶν,
1071 3256 1368 3351 πτερῶν
1417 3247 1570 3325 δεῖς
1623 3248 1832 3349 παρὰ
1883 3248 1971 3325 τὸ
2018 3245 2405 3345 Αἰσχύλου
2457 3251 2538 3324 ἐκ

300 3348 835 3456 Μυρμιδόνων
853 3374 869 3390 ·

607 3491 887 3585 ὅπλων,
940 3490 1194 3568 ὅπλων
1245 3489 1382 3567 δεῖ.

304 3626 462 3703 Veri
514 3628 728 3702 simile
778 3635 882 3703 est
932 3636 1175 3723 autem,
1227 3630 1298 3701 in
1350 3636 1646 3702 extrema
1673 3628 1896 3701 fabula
1932 3626 2314 3726 apparuisse
2342 3624 2537 3698 The-

304 3732 522 3825 tidem,
577 3756 745 3829 quae
796 3757 870 3805 se
922 3756 1105 3805 arma
1153 3757 1196 3804 a
1244 3732 1550 3806 Vulcano
1602 3733 1945 3806 allaturam
1996 3730 2430 3841 promitteret.

963 3971 1862 4086 NEREIDEsf
2536 3967 2634 4037 u

502 4147 861 4224 Nereidum
907 4144 1233 4244 Aeschyli*
1270 4148 1484 4222 tenuis
1532 4147 1710 4219 fama
1756 4152 2023 4244 superat
2053 4152 2359 4243 quattuor
2382 4142 2533 4216 exi-

309 4251 448 4346 guis
494 4252 901 4347 fragmentis.
1025 4250 1229 4326 Nullo
1293 4252 1488 4325 modo
1553 4258 1774 4324 tamen
1823 4248 2077 4322 videtur
2138 4246 2534 4321 credendum

317 4375 478 4448 esse,
528 4354 705 4452 quod
766 4354 1130 4428 Welckero
1196 4355 1357 4428 satis
1423 4361 1673 4427 certum
1737 4351 1948 4425 visum
1999 4358 2127 4445 est,
2191 4351 2262 4422 in
2312 4350 2536 4448 priore

318 4465 493 4552 parte
539 4457 823 4551 fabulae,
879 4483 1076 4556 quum
1125 4458 1347 4531 statim
1398 4458 1479 4529 ab
1521 4456 1710 4529 initio
1740 4455 1980 4529 chorus
2003 4451 2363 4529 Nereidum
2387 4477 2538 4527 cum
