3275 5317
788 492 1259 560 EDITIONE
1299 493 2029 564 LYCOPHRONIS.
2407 496 2537 561 249

299 655 640 753 usurpavit
687 655 1083 730 tribrachum
1098 708 1124 750 ,
1177 657 1288 754 qui
1335 656 1407 729 in
1455 658 1820 731 nominibus
1871 656 2151 756 propriis
2216 659 2540 733 iuvenitur

299 783 364 831 v.
437 760 616 834 520.
672 762 848 833 680.
919 763 1093 833 700.
1163 763 1340 833 874.
1413 764 1590 834 920.
1665 764 1886 834 1046.
1963 763 2184 834 1288.
2240 761 2324 833 ad
2373 786 2538 859 quae

300 856 606 960 exempla
656 862 937 955 accedit,
988 871 1064 937 ut
1111 863 1406 956 videtur,
1472 862 1834 966 Λαγαρία
1885 889 1950 936 v,
2022 867 2198 938 930.
2265 874 2334 938 et
2385 890 2539 938 cor-

297 972 498 1063 rupta
547 966 746 1037 verba
798 967 1007 1040 ἄλλοι
1056 965 1402 1060 Μελίτην
1452 992 1515 1040 v.
1577 970 1799 1041 1027.
1881 964 2079 1040 Nam
2123 991 2320 1094 quum
2369 975 2541 1042 Με-

301 1067 465 1162 λίτη
531 1068 747 1140 media
807 1068 989 1142 brevi
1055 1069 1183 1161 sit,
1252 1093 1410 1141 vera
1476 1070 1736 1143 videtur
1798 1070 2128 1168 scriptura
2195 1070 2407 1145 α’λλοι
2457 1069 2541 1144 δὲ

297 1168 673 1265 Μελίτην,
728 1195 894 1267 quae
941 1173 1013 1243 in
1058 1196 1194 1244 uno
1247 1180 1501 1245 tantum
1552 1172 1784 1245 codice
1835 1179 2077 1265 exstat,
2132 1179 2199 1245 et
2247 1172 2372 1245 fuit
2398 1173 2543 1245 for·
2600 1196 2605 1201 ·

300 1282 482 1347 tasse
550 1274 724 1371 apud
796 1271 1213 1373 Stephanum
1276 1273 1665 1370 Byzantium
1732 1276 1800 1347 in
1864 1272 2293 1370 Ὄθρωνός.
2397 1275 2543 1348 Iam
2621 1281 2626 1285 ’

299 1401 458 1449 vero
489 1384 772 1496 ‘praeter
818 1378 1082 1448 nomina
1129 1378 1397 1476 propria
1445 1378 1843 1455 tribrachum
1874 1375 2409 1478 deprehendimus
2433 1387 2542 1453 et-

303 1479 435 1551 iam
485 1479 552 1571 in
606 1479 708 1551 bis
758 1480 1095 1553 versibus.
2544 1484 2551 1491 ”

460 1636 636 1705 263.
688 1627 988 1722 κλάζων
1036 1632 1099 1707 τ’
1156 1633 1475 1732 ἄμικτον
1526 1626 1847 1731 στόαατι
1896 1626 2234 1765 ῥιγίστην
2283 1630 2529 1735 βοήν.

464 1740 641 1811 962.
699 1735 936 1825 εζευξε
990 1735 1315 1834 λεκτροις
1364 1728 1734 1835 ποταῖιός·
1787 1737 1834 1833 ἢ
1890 1737 1974 1813 δὲ
2028 1738 2357 1836 ὃαίιιονι.

463 1844 640 1912 963.
692 1846 815 1937 τῷ
856 1837 1298 1938 θηροιιίκτῳ
1351 1828 1696 1915 σκύλακα
1734 1847 2093 1972 γενναῖον
2141 1848 2409 1918 τεκνοῖ.

419 1947 640 2015 1164.
696 1948 930 2026 λιταῖς
982 1944 1367 2019 Σθένειαν
1419 1943 1724 2027 ἱκέτιδες
1773 1940 2302 2076 γουνούμεναι.
2419 1963 2437 1981 ·

420 2049 642 2119 1204.
695 2041 950 2142 νήσοις
1013 2044 1097 2121 δὲ
1147 2044 1518 2145 μακάρων
1584 2045 2121 2177 ἐγκατοικήσεις
2184 2047 2438 2178 μέγας.

420 2152 643 2223 1218.
696 2153 999 2239 Λεῦκον
1053 2147 1499 2248 στροβήσων
1550 2147 1854 2250 φύλακα
1917 2159 2048 2248 τῆς
2097 2149 2537 2251 μοναρχίας.

422 2256 645 2325 1222.
700 2253 790 2328 οὐ
843 2249 1348 2354 Κλεισιθήρας
1423 2251 1859 2356 θυγατρός,
1937 2249 2025 2351 ἧς
2101 2254 2345 2355 πατὴρ
2427 2253 2545 2330 λε’-
2647 2293 2651 2297 ⁴

422 2462 640 2532 1242.
697 2457 843 2535 σὺν
893 2458 986 2534 δε
1029 2484 1168 2560 σφι
1228 2458 1424 2559 μίξει
1491 2386 1746 2590 φξῖἱον
1811 2459 2086 2562 εχθρὸς
2152 2458 2270 2539 ὧν
2317 2485 2546 2562 στρα-
2599 2508 2610 2527 2

423 2668 645 2738 1469.
702 2663 859 2739 επεί
903 2665 980 2763 μ’
1038 2666 1298 2752 ε’ταξας
1332 2591 1698 2765 ἐφύλαξε]
1706 2667 1971 2743 λαΐνου
2026 2658 2309 2770 στέγης.

317 2815 468 2891 Νοιι
517 2810 992 2891 numeravimus
1042 2820 1111 2892 in
1162 2819 1264 2891 his
1314 2844 1378 2891 v.
1435 2823 1609 2899 991.
1679 2819 1746 2890 in
1799 2844 1926 2914 quo
1975 2844 2097 2917 pro
2149 2817 2413 2917 ἱερείας
2463 2843 2549 2895 ex

318 2922 567 3018 aliquot
617 2922 950 3021 codicibus
1004 2921 1232 3015 ἱρείας
1280 2922 1726 3020 recipiendum
1776 2923 1921 2993 fuit.
2027 2922 2222 3014 Quod
2252 2922 2329 2992 si
2381 2945 2549 2994 cou-

318 3025 678 3099 sideramus
742 3025 863 3097 hos
930 3050 1154 3098 versus
1170 3078 1196 3118 ,
1289 3025 1497 3121 primo
1567 3027 1852 3122 permira
1903 3032 2005 3097 est
2069 3032 2250 3096 tanta
2323 3049 2548 3096 eorum

290 3127 618 3230 ,paucitas
668 3127 738 3199 in
789 3129 1099 3221 carmine„
1126 3152 1428 3201 versuum
1501 3133 1642 3201 147
1650 3133 1735 3199 4:
1805 3152 1930 3224 quo
1997 3127 2243 3201 factum
2296 3135 2419 3219 est,
2472 3135 2549 3200 ut

316 3232 769 3306 memorabiles
821 3232 943 3303 visi
993 3233 1125 3304 sint
1174 3231 1580 3323 scholiastis,
1668 3230 1840 3328 quod
1905 3231 1989 3302 ad
2054 3255 2117 3302 v,
2194 3233 2415 3302 1218.
2483 3238 2551 3303 et

316 3340 550 3409 -1469,
608 3335 936 3432 adscripta
985 3335 1276 3407 indicant
1319 3333 1688 3417 δάκτυλος
1717 3342 1784 3406 et
1809 3330 2270 3417 ἀνάπαιστος
2282 3365 2308 3423 ;
2360 3334 2550 3405 dein-=

322 3441 401 3512 de
450 3438 615 3509 illud
679 3462 933 3534 quoque
998 3439 1549 3511 animadversione
1602 3439 1905 3533 dignum,
1963 3436 2130 3532 quod
2183 3436 2548 3509 tribrachus

321 3565 639 3639 nusquam
687 3542 754 3611 in
805 3541 971 3612 raris
1021 3543 1150 3612 illis
1199 3542 1528 3614 vocabulis
1581 3541 1907 3633 cernitur,
1964 3565 2043 3612 ex
2100 3541 2328 3635 quibus
2394 3562 2550 3610 car-

323 3671 472 3719 men
523 3645 650 3716 hoc
702 3644 1067 3741 composuit
1115 3641 1538 3743 Lycophron‚
1593 3645 1710 3715 sed
1770 3644 1841 3714 in
1903 3643 2116 3716 verbis
2184 3641 2549 3715 communi-

323 3749 445 3822 bus
497 3755 692 3844 atque
742 3770 866 3818 usu
917 3748 1291 3844 quotidiano
1343 3749 1561 3820 tritis·¹
1647 3746 1797 3838 Qua
1834 3745 2279 3819 observatione
2312 3769 2550 3841 suspe-

327 3860 472 3926 ctus
523 3849 601 3922 fit
651 3874 769 3948 pes
818 3851 931 3922 ille
981 3852 1173 3922 simul
1221 3852 1290 3922 in
1342 3850 1634 3922 omnibus
1685 3850 1829 3921 istis
1880 3850 2210 3941 versibus,
2266 3856 2332 3920 et
2380 3870 2548 3943 pene

331 3955 626 4052 cogimur
676 3953 993 4045 dubitare,
1048 3977 1133 4025 an
1182 3954 1310 4025 ista
1359 3953 1711 4044 vocabula,
1778 3952 1906 4023 nisi
1970 3952 2139 4024 forte
2208 3950 2381 4022 aliud
2444 3950 2550 4020 vi-
2626 3988 2674 4030 s:

329 4057 491 4130 tium
542 4056 790 4148 subest,
845 4057 1312 4156 explicationes
1365 4057 1519 4145 sint,
1576 4079 1741 4152 quae
1783 4080 1903 4152 pro
1932 4053 2227 4150 genuinis
2278 4054 2345 4123 in
2396 4059 2550 4124 tex-

331 4169 468 4232 tum
515 4159 919 4256 irrepserint.
1041 4160 1259 4252 Quum
1326 4167 1540 4231 autem
1601 4158 1896 4231 nonnulli
1958 4159 2186 4228 horum
2249 4179 2551 4228 versuum

334 4263 526 4336 etiam
581 4263 664 4334 ob
716 4261 878 4335 alias
930 4287 1197 4335 caussas
1247 4263 1537 4360 suspecti
1588 4261 1742 4354 sint,
1797 4285 1875 4333 eo
1926 4260 2138 4332 minus
2190 4259 2552 4331 dubitamus

338 4390 449 4439 eos
498 4355 725 4439 omncs
775 4390 911 4438 non
960 4366 1059 4439 sic
1110 4389 1151 4437 a
1199 4373 1397 4464 poeta
1445 4365 1728 4463 scriptos
1779 4387 1924 4436 esse
1976 4362 2367 4436 contendere
2382 4413 2408 4455 ‚
2459 4361 2551 4432 li·-

344 4476 445 4542 cet
490 4493 625 4542 non
672 4468 742 4541 in
793 4469 1088 4542 omnibus
1140 4471 1607 4585 coniecturam,
1661 4491 1827 4567 quae
1877 4467 2039 4541 satis
2087 4466 2312 4561 faciat,
2363 4463 2549 4543 nobis
