<?xml version="1.0" encoding="UTF-8"?>
<!DOCTYPE html PUBLIC "-//W3C//DTD XHTML 1.0 Transitional//EN"
    "http://www.w3.org/TR/xhtml1/DTD/xhtml1-transitional.dtd">
<html xmlns="http://www.w3.org/1999/xhtml" xml:lang="en" lang="en">
 <head>
  <title>
</title>
<meta http-equiv="Content-Type" content="text/html;charset=utf-8" />
  <meta name='ocr-system' content='tesseract 3.04.00' />
  <meta name='ocr-capabilities' content='ocr_page ocr_carea ocr_par ocr_line ocrx_word'/>
</head>
<body>
  <div class='ocr_page' id='page_1' title='image "./godofrediherman02fritgoog_0306.png"; bbox 0 0 3275 5317; ppageno 0'>
   <div class='ocr_carea' id='block_1_1' title="bbox 846 510 2537 612">
    <p class='ocr_par' dir='ltr' id='par_1_1' title="bbox 846 510 2537 612">
     <span class='ocr_line' id='line_1_1' title="bbox 846 510 2537 612; baseline 0.004 -37"><span class='ocrx_word' id='word_1_1' title='bbox 846 510 1279 604; x_wconf 75' lang='grc' dir='ltr'><em>ΔῌΜΟΙΣ</em></span> <span class='ocrx_word' id='word_1_2' title='bbox 1314 512 1437 577; x_wconf 78' lang='grc' dir='ltr'>ΕΤ</span> <span class='ocrx_word' id='word_1_3' title='bbox 1478 510 1998 579; x_wconf 75' lang='grc' dir='ltr'>ΠοΛΕΣΙΝ.</span> <span class='ocrx_word' id='word_1_4' title='bbox 2073 593 2090 612; x_wconf 24' lang='lat'>³</span> <span class='ocrx_word' id='word_1_5' title='bbox 2403 513 2537 582; x_wconf 80' lang='lat'>29⁵</span> 
     </span>
    </p>
   </div>
   <div class='ocr_carea' id='block_1_2' title="bbox 306 677 2545 1086">
    <p class='ocr_par' dir='ltr' id='par_1_2' title="bbox 306 677 2545 1086">
     <span class='ocr_line' id='line_1_2' title="bbox 309 677 2537 776; baseline 0.001 -27"><span class='ocrx_word' id='word_1_6' title='bbox 309 697 505 775; x_wconf 81' lang='lat' dir='ltr'>quam</span> <span class='ocrx_word' id='word_1_7' title='bbox 553 682 631 749; x_wconf 89' lang='lat' dir='ltr'>ut</span> <span class='ocrx_word' id='word_1_8' title='bbox 677 682 1021 776; x_wconf 88' lang='lat' dir='ltr'>utrumque</span> <span class='ocrx_word' id='word_1_9' title='bbox 1086 677 1517 774; x_wconf 79' lang='lat' dir='ltr'><strong>fragmentum</strong></span> <span class='ocrx_word' id='word_1_10' title='bbox 1580 701 1667 750; x_wconf 85' lang='lat' dir='ltr'>ex</span> <span class='ocrx_word' id='word_1_11' title='bbox 1727 677 2032 775; x_wconf 89' lang='lat' dir='ltr'>parabasi</span> <span class='ocrx_word' id='word_1_12' title='bbox 2044 728 2071 770; x_wconf 88' lang='lat'><strong><em>,</em></strong></span> <span class='ocrx_word' id='word_1_13' title='bbox 2143 683 2210 751; x_wconf 91' lang='lat' dir='ltr'>et</span> <span class='ocrx_word' id='word_1_14' title='bbox 2274 677 2537 776; x_wconf 89' lang='lat' dir='ltr'>quidem</span> 
     </span>
     <span class='ocr_line' id='line_1_3' title="bbox 309 776 2534 878; baseline 0.001 -25"><span class='ocrx_word' id='word_1_15' title='bbox 309 804 397 853; x_wconf 84' lang='lat' dir='ltr'>ex</span> <span class='ocrx_word' id='word_1_16' title='bbox 464 779 892 878; x_wconf 89' lang='lat' dir='ltr'>epirrhemate</span> <span class='ocrx_word' id='word_1_17' title='bbox 957 788 1025 853; x_wconf 92' lang='lat' dir='ltr'>et</span> <span class='ocrx_word' id='word_1_18' title='bbox 1087 780 1628 878; x_wconf 89' lang='lat' dir='ltr'>antepirrhemate</span> <span class='ocrx_word' id='word_1_19' title='bbox 1640 833 1667 873; x_wconf 83' lang='lat'><em>,</em></span> <span class='ocrx_word' id='word_1_20' title='bbox 1748 787 2077 878; x_wconf 90' lang='lat' dir='ltr'>sumptum</span> <span class='ocrx_word' id='word_1_21' title='bbox 2140 779 2477 854; x_wconf 79' lang='lat' dir='ltr'>credamus</span> <span class='ocrx_word' id='word_1_22' title='bbox 2495 776 2534 856; x_wconf 74' lang='grc' dir='ltr'>Ρ</span> 
     </span>
     <span class='ocr_line' id='line_1_4' title="bbox 306 880 2542 982; baseline 0.001 -27"><span class='ocrx_word' id='word_1_23' title='bbox 306 880 423 955; x_wconf 84' lang='lat' dir='ltr'>Ex</span> <span class='ocrx_word' id='word_1_24' title='bbox 476 906 605 980; x_wconf 86' lang='lat' dir='ltr'>quo</span> <span class='ocrx_word' id='word_1_25' title='bbox 658 883 973 982; x_wconf 86' lang='lat' dir='ltr'>sequitur,</span> <span class='ocrx_word' id='word_1_26' title='bbox 1025 890 1102 957; x_wconf 88' lang='lat' dir='ltr'>ut</span> <span class='ocrx_word' id='word_1_27' title='bbox 1140 883 1483 980; x_wconf 90' lang='lat' dir='ltr'>septimum</span> <span class='ocrx_word' id='word_1_28' title='bbox 1512 882 1834 957; x_wconf 87' lang='lat' dir='ltr'>decimum</span> <span class='ocrx_word' id='word_1_29' title='bbox 1859 883 2314 980; x_wconf 80' lang='lat' dir='ltr'><strong>fragmentum,</strong></span> <span class='ocrx_word' id='word_1_30' title='bbox 2368 884 2542 981; x_wconf 85' lang='lat' dir='ltr'>quod</span> 
     </span>
     <span class='ocr_line' id='line_1_5' title="bbox 307 982 2545 1086; baseline 0.001 -29"><span class='ocrx_word' id='word_1_31' title='bbox 307 985 392 1058; x_wconf 89' lang='lat' dir='ltr'>ab</span> <span class='ocrx_word' id='word_1_32' title='bbox 443 983 969 1083; x_wconf 86' lang='lat' dir='ltr'>Harpocratione</span> <span class='ocrx_word' id='word_1_33' title='bbox 1017 987 1088 1058; x_wconf 92' lang='lat' dir='ltr'>in</span> <span class='ocrx_word' id='word_1_34' title='bbox 1152 982 1544 1086; x_wconf 76' lang='grc' dir='ltr'>καθάρσια</span> <span class='ocrx_word' id='word_1_35' title='bbox 1596 993 1925 1060; x_wconf 87' lang='lat' dir='ltr'>servatum</span> <span class='ocrx_word' id='word_1_36' title='bbox 1977 994 2115 1081; x_wconf 86' lang='lat' dir='ltr'>est,</span> <span class='ocrx_word' id='word_1_37' title='bbox 2182 994 2260 1059; x_wconf 90' lang='lat' dir='ltr'>ut</span> <span class='ocrx_word' id='word_1_38' title='bbox 2322 1012 2411 1060; x_wconf 80' lang='lat' dir='ltr'>ex</span> <span class='ocrx_word' id='word_1_39' title='bbox 2462 1011 2545 1061; x_wconf 88' lang='lat' dir='ltr'>ea</span> 
     </span>
    </p>
   </div>
   <div class='ocr_carea' id='block_1_3' title="bbox 2646 0 3239 4">
    <p class='ocr_par' dir='ltr' id='par_1_3' title="bbox 2646 0 3239 4">
     <span class='ocr_line' id='line_1_6' title="bbox 2646 0 3239 4; baseline 0 0"><span class='ocrx_word' id='word_1_40' title='bbox 2646 0 3239 4; x_wconf 95' lang='lat' dir='ltr'> </span> 
     </span>
    </p>
   </div>
   <div class='ocr_carea' id='block_1_4' title="bbox 307 1089 2675 1211">
    <p class='ocr_par' dir='ltr' id='par_1_4' title="bbox 307 1089 2675 1211">
     <span class='ocr_line' id='line_1_7' title="bbox 307 1089 2675 1211; baseline 0.001 -51"><span class='ocrx_word' id='word_1_41' title='bbox 307 1111 478 1186; x_wconf 84' lang='lat' dir='ltr'>quae</span> <span class='ocrx_word' id='word_1_42' title='bbox 501 1090 765 1188; x_wconf 83' lang='lat' dir='ltr'><strong>proprie</strong></span> <span class='ocrx_word' id='word_1_43' title='bbox 791 1089 1127 1187; x_wconf 90' lang='lat' dir='ltr'>parabasis</span> <span class='ocrx_word' id='word_1_44' title='bbox 1155 1098 1429 1163; x_wconf 84' lang='lat' dir='ltr'>vocatur</span> <span class='ocrx_word' id='word_1_45' title='bbox 1450 1090 1752 1191; x_wconf 84' lang='lat' dir='ltr'>petitum,</span> <span class='ocrx_word' id='word_1_46' title='bbox 1806 1090 2119 1163; x_wconf 90' lang='lat' dir='ltr'>ambobus</span> <span class='ocrx_word' id='word_1_47' title='bbox 2146 1089 2544 1211; x_wconf 81' lang='lat' dir='ltr'>praecedere</span> <span class='ocrx_word' id='word_1_48' title='bbox 2668 1143 2675 1150; x_wconf 87' lang='lat'>-</span> 
     </span>
    </p>
   </div>
   <div class='ocr_carea' id='block_1_5' title="bbox 301 1189 2553 2632">
    <p class='ocr_par' dir='ltr' id='par_1_5' title="bbox 301 1189 2553 2632">
     <span class='ocr_line' id='line_1_8' title="bbox 307 1189 2546 1290; baseline 0.001 -26"><span class='ocrx_word' id='word_1_49' title='bbox 307 1191 568 1264; x_wconf 83' lang='lat' dir='ltr'>debeat.</span> <span class='ocrx_word' id='word_1_50' title='bbox 674 1189 1065 1267; x_wconf 78' lang='lat' dir='ltr'>ostendisse</span> <span class='ocrx_word' id='word_1_51' title='bbox 1117 1193 1442 1285; x_wconf 83' lang='lat' dir='ltr'>videmur,</span> <span class='ocrx_word' id='word_1_52' title='bbox 1512 1193 1645 1264; x_wconf 90' lang='lat' dir='ltr'>alia</span> <span class='ocrx_word' id='word_1_53' title='bbox 1692 1201 1760 1265; x_wconf 91' lang='lat' dir='ltr'>et</span> <span class='ocrx_word' id='word_1_54' title='bbox 1807 1193 2241 1290; x_wconf 82' lang='lat' dir='ltr'>probabiliore</span> <span class='ocrx_word' id='word_1_55' title='bbox 2292 1194 2546 1268; x_wconf 87' lang='lat' dir='ltr'>ratione</span> 
     </span>
     <span class='ocr_line' id='line_1_9' title="bbox 304 1294 2324 1394; baseline 0.001 -26"><span class='ocrx_word' id='word_1_56' title='bbox 304 1294 599 1368; x_wconf 89' lang='lat' dir='ltr'>ordinari</span> <span class='ocrx_word' id='word_1_57' title='bbox 649 1302 845 1394; x_wconf 87' lang='lat' dir='ltr'>atque</span> <span class='ocrx_word' id='word_1_58' title='bbox 893 1296 1066 1369; x_wconf 91' lang='lat' dir='ltr'>inter</span> <span class='ocrx_word' id='word_1_59' title='bbox 1115 1320 1188 1368; x_wconf 86' lang='lat' dir='ltr'>se</span> <span class='ocrx_word' id='word_1_60' title='bbox 1239 1296 1546 1391; x_wconf 84' lang='lat' dir='ltr'>coniungi</span> <span class='ocrx_word' id='word_1_61' title='bbox 1592 1296 1958 1392; x_wconf 80' lang='lat' dir='ltr'>fragmenta</span> <span class='ocrx_word' id='word_1_62' title='bbox 2006 1297 2324 1394; x_wconf 86' lang='lat' dir='ltr'>potuisse.</span> 
     </span>
     <span class='ocr_line' id='line_1_10' title="bbox 516 1395 2545 1498; baseline 0.002 -30"><span class='ocrx_word' id='word_1_63' title='bbox 516 1395 983 1493; x_wconf 85' lang='lat' dir='ltr'>Progredimur</span> <span class='ocrx_word' id='word_1_64' title='bbox 1032 1398 1117 1471; x_wconf 88' lang='lat' dir='ltr'>ad</span> <span class='ocrx_word' id='word_1_65' title='bbox 1169 1399 1439 1472; x_wconf 87' lang='lat' dir='ltr'>alteram</span> <span class='ocrx_word' id='word_1_66' title='bbox 1487 1398 1798 1492; x_wconf 85' lang='lat' dir='ltr'>fabulam,</span> <span class='ocrx_word' id='word_1_67' title='bbox 1853 1400 2041 1472; x_wconf 87' lang='lat' dir='ltr'>euius</span> <span class='ocrx_word' id='word_1_68' title='bbox 2074 1400 2372 1498; x_wconf 86' lang='lat' dir='ltr'>quoniam</span> <span class='ocrx_word' id='word_1_69' title='bbox 2401 1400 2545 1472; x_wconf 77' lang='lat' dir='ltr'>fm-</span> 
     </span>
     <span class='ocr_line' id='line_1_11' title="bbox 303 1500 2544 1599; baseline -0 -24"><span class='ocrx_word' id='word_1_70' title='bbox 303 1509 574 1598; x_wconf 84' lang='lat' dir='ltr'>gmenta</span> <span class='ocrx_word' id='word_1_71' title='bbox 622 1500 869 1573; x_wconf 91' lang='lat' dir='ltr'>nullum</span> <span class='ocrx_word' id='word_1_72' title='bbox 920 1502 1234 1599; x_wconf 89' lang='lat' dir='ltr'>praebere</span> <span class='ocrx_word' id='word_1_73' title='bbox 1304 1502 1447 1574; x_wconf 83' lang='lat' dir='ltr'>visa</span> <span class='ocrx_word' id='word_1_74' title='bbox 1511 1510 1665 1574; x_wconf 89' lang='lat' dir='ltr'>sunt</span> <span class='ocrx_word' id='word_1_75' title='bbox 1728 1502 1973 1575; x_wconf 82' lang='lat' dir='ltr'>ordinis</span> <span class='ocrx_word' id='word_1_76' title='bbox 2023 1503 2360 1595; x_wconf 85' lang='lat' dir='ltr'>indicium,</span> <span class='ocrx_word' id='word_1_77' title='bbox 2411 1503 2544 1574; x_wconf 91' lang='lat' dir='ltr'>mi-</span> 
     </span>
     <span class='ocr_line' id='line_1_12' title="bbox 306 1603 2544 1704; baseline 0.001 -27"><span class='ocrx_word' id='word_1_78' title='bbox 306 1627 435 1677; x_wconf 85' lang='lat' dir='ltr'>nus</span> <span class='ocrx_word' id='word_1_79' title='bbox 485 1604 824 1701; x_wconf 88' lang='lat' dir='ltr'>implicata</span> <span class='ocrx_word' id='word_1_80' title='bbox 875 1603 1083 1677; x_wconf 86' lang='lat' dir='ltr'>evasit</span> <span class='ocrx_word' id='word_1_81' title='bbox 1133 1629 1358 1678; x_wconf 88' lang='lat' dir='ltr'>eorum</span> <span class='ocrx_word' id='word_1_82' title='bbox 1408 1606 1741 1679; x_wconf 88' lang='lat' dir='ltr'>tractatio.</span> <span class='ocrx_word' id='word_1_83' title='bbox 1843 1603 2076 1703; x_wconf 88' lang='lat' dir='ltr'>Itaque</span> <span class='ocrx_word' id='word_1_84' title='bbox 2106 1605 2324 1678; x_wconf 90' lang='lat' dir='ltr'>missis</span> <span class='ocrx_word' id='word_1_85' title='bbox 2377 1629 2544 1704; x_wconf 87' lang='lat' dir='ltr'>quae</span> 
     </span>
     <span class='ocr_line' id='line_1_13' title="bbox 301 1706 2547 1805; baseline 0 -25"><span class='ocrx_word' id='word_1_86' title='bbox 301 1707 660 1805; x_wconf 75' lang='lat' dir='ltr'>probamus</span> <span class='ocrx_word' id='word_1_87' title='bbox 675 1758 701 1798; x_wconf 85' lang='lat'><strong><em>,</em></strong></span> <span class='ocrx_word' id='word_1_88' title='bbox 757 1706 837 1779; x_wconf 94' lang='lat' dir='ltr'>de</span> <span class='ocrx_word' id='word_1_89' title='bbox 889 1732 1113 1780; x_wconf 91' lang='lat' dir='ltr'>eorum</span> <span class='ocrx_word' id='word_1_90' title='bbox 1181 1708 1453 1805; x_wconf 81' lang='lat' dir='ltr'>singulis</span> <span class='ocrx_word' id='word_1_91' title='bbox 1517 1708 2026 1804; x_wconf 84' lang='lat' dir='ltr'>fragmentorum</span> <span class='ocrx_word' id='word_1_92' title='bbox 2092 1709 2383 1782; x_wconf 85' lang='lat' dir='ltr'>dicemus</span> <span class='ocrx_word' id='word_1_93' title='bbox 2397 1760 2422 1801; x_wconf 87' lang='lat'>‚</span> <span class='ocrx_word' id='word_1_94' title='bbox 2475 1708 2547 1781; x_wconf 90' lang='lat' dir='ltr'>in</span> 
     </span>
     <span class='ocr_line' id='line_1_14' title="bbox 306 1808 2548 1909; baseline 0.001 -28"><span class='ocrx_word' id='word_1_95' title='bbox 306 1810 544 1907; x_wconf 83' lang='lat' dir='ltr'>quibus</span> <span class='ocrx_word' id='word_1_96' title='bbox 594 1809 1013 1883; x_wconf 88' lang='lat' dir='ltr'>dissentiendi</span> <span class='ocrx_word' id='word_1_97' title='bbox 1061 1812 1398 1884; x_wconf 83' lang='lat' dir='ltr'>materiam</span> <span class='ocrx_word' id='word_1_98' title='bbox 1460 1811 1846 1884; x_wconf 85' lang='lat' dir='ltr'>invenimus.</span> <span class='ocrx_word' id='word_1_99' title='bbox 1968 1808 2078 1884; x_wconf 89' lang='lat' dir='ltr'>Ac</span> <span class='ocrx_word' id='word_1_100' title='bbox 2139 1836 2211 1909; x_wconf 92' lang='lat' dir='ltr'>p.</span> <span class='ocrx_word' id='word_1_101' title='bbox 2286 1811 2411 1885; x_wconf 80' lang='lat'>85.</span> <span class='ocrx_word' id='word_1_102' title='bbox 2467 1810 2548 1884; x_wconf 91' lang='lat' dir='ltr'>de</span> 
     </span>
     <span class='ocr_line' id='line_1_15' title="bbox 306 1897 2549 2043; baseline 0 -57"><span class='ocrx_word' id='word_1_103' title='bbox 306 1920 689 1986; x_wconf 86' lang='lat' dir='ltr'>tetrametro</span> <span class='ocrx_word' id='word_1_104' title='bbox 754 1913 1033 1986; x_wconf 89' lang='lat' dir='ltr'>iambico</span> <span class='ocrx_word' id='word_1_105' title='bbox 1099 1914 1521 2006; x_wconf 81' lang='lat' dir='ltr'>catalectico,</span> <span class='ocrx_word' id='word_1_106' title='bbox 1576 1915 1764 1987; x_wconf 88' lang='lat' dir='ltr'>cuius</span> <span class='ocrx_word' id='word_1_107' title='bbox 1814 1897 2045 1987; x_wconf 61' lang='lat' dir='ltr'>ultima</span> <span class='ocrx_word' id='word_1_108' title='bbox 2109 1915 2307 1988; x_wconf 81' lang='lat' dir='ltr'>verba</span> <span class='ocrx_word' id='word_1_109' title='bbox 2372 1914 2549 2043; x_wconf 87' lang='lat' dir='ltr'>apud</span> 
     </span>
     <span class='ocr_line' id='line_1_16' title="bbox 308 2013 2546 2114; baseline 0.002 -26"><span class='ocrx_word' id='word_1_110' title='bbox 308 2015 727 2089; x_wconf 88' lang='lat' dir='ltr'>scholiastam</span> <span class='ocrx_word' id='word_1_111' title='bbox 795 2017 879 2088; x_wconf 89' lang='lat' dir='ltr'>ad</span> <span class='ocrx_word' id='word_1_112' title='bbox 938 2013 1123 2088; x_wconf 83' lang='lat' dir='ltr'>Aves</span> <span class='ocrx_word' id='word_1_113' title='bbox 1186 2013 1651 2114; x_wconf 85' lang='lat' dir='ltr'>Aristophanis</span> <span class='ocrx_word' id='word_1_114' title='bbox 1730 2042 1795 2089; x_wconf 82' lang='lat' dir='ltr'>v.</span> <span class='ocrx_word' id='word_1_115' title='bbox 1867 2020 2043 2090; x_wconf 87' lang='grc'><strong>881.</strong></span> <span class='ocrx_word' id='word_1_116' title='bbox 2124 2025 2278 2089; x_wconf 90' lang='lat' dir='ltr'>sunt</span> <span class='ocrx_word' id='word_1_117' title='bbox 2355 2016 2546 2111; x_wconf 76' lang='grc' dir='ltr'><strong><em>αὕτη</em></strong></span> 
     </span>
     <span class='ocr_line' id='line_1_17' title="bbox 308 2114 2548 2220; baseline -0.002 -25"><span class='ocrx_word' id='word_1_118' title='bbox 308 2117 525 2213; x_wconf 84' lang='grc' dir='ltr'><strong><em>Χίος,</em></strong></span> <span class='ocrx_word' id='word_1_119' title='bbox 555 2116 742 2214; x_wconf 86' lang='grc' dir='ltr'>καλὴ</span> <span class='ocrx_word' id='word_1_120' title='bbox 768 2114 1004 2212; x_wconf 83' lang='grc' dir='ltr'><strong>πόλις,</strong></span> <span class='ocrx_word' id='word_1_121' title='bbox 1029 2119 1304 2192; x_wconf 89' lang='lat' dir='ltr'>miratur</span> <span class='ocrx_word' id='word_1_122' title='bbox 1333 2118 1649 2218; x_wconf 77' lang='lat' dir='ltr'>RaspiuS,</span> <span class='ocrx_word' id='word_1_123' title='bbox 1681 2119 1855 2220; x_wconf 85' lang='lat' dir='ltr'>quod</span> <span class='ocrx_word' id='word_1_124' title='bbox 1883 2145 2016 2194; x_wconf 90' lang='lat' dir='ltr'>non</span> <span class='ocrx_word' id='word_1_125' title='bbox 2045 2119 2284 2192; x_wconf 92' lang='lat' dir='ltr'>dudum</span> <span class='ocrx_word' id='word_1_126' title='bbox 2316 2144 2548 2194; x_wconf 89' lang='lat' dir='ltr'>corre-</span> 
     </span>
     <span class='ocr_line' id='line_1_18' title="bbox 308 2223 2549 2321; baseline -0.001 -24"><span class='ocrx_word' id='word_1_127' title='bbox 308 2230 486 2298; x_wconf 86' lang='lat' dir='ltr'>ctum</span> <span class='ocrx_word' id='word_1_128' title='bbox 538 2223 627 2295; x_wconf 92' lang='lat' dir='ltr'>sit</span> <span class='ocrx_word' id='word_1_129' title='bbox 679 2223 871 2294; x_wconf 89' lang='lat' dir='ltr'>metri</span> <span class='ocrx_word' id='word_1_130' title='bbox 919 2223 1171 2315; x_wconf 80' lang='lat' dir='ltr'>vitium,</span> <span class='ocrx_word' id='word_1_131' title='bbox 1224 2223 1613 2321; x_wconf 81' lang='lat' dir='ltr'>scribitque=</span> <span class='ocrx_word' id='word_1_132' title='bbox 1683 2247 1867 2293; x_wconf 82' lang='lat' dir='ltr'>uam</span> <span class='ocrx_word' id='word_1_133' title='bbox 1932 2223 2302 2320; x_wconf 85' lang='lat' dir='ltr'>quomodo</span> <span class='ocrx_word' id='word_1_134' title='bbox 2369 2233 2549 2295; x_wconf 75' lang='lat' dir='ltr'>tau·</span> 
     </span>
     <span class='ocr_line' id='line_1_19' title="bbox 312 2323 2551 2426; baseline 0 -29"><span class='ocrx_word' id='word_1_135' title='bbox 312 2324 485 2397; x_wconf 81' lang='lat' dir='ltr'>dem</span> <span class='ocrx_word' id='word_1_136' title='bbox 536 2334 986 2397; x_wconf 78' lang='lat' dir='ltr'>tetrameter</span> <span class='ocrx_word' id='word_1_137' title='bbox 1034 2323 1405 2426; x_wconf 72' lang='lat' dir='ltr'>iambicus</span> <span class='ocrx_word' id='word_1_138' title='bbox 1473 2325 1821 2396; x_wconf 73' lang='lat' dir='ltr'>desinere</span> <span class='ocrx_word' id='word_1_139' title='bbox 1872 2337 2144 2426; x_wconf 77' lang='lat' dir='ltr'>potest</span> <span class='ocrx_word' id='word_1_140' title='bbox 2202 2325 2289 2398; x_wconf 81' lang='lat' dir='ltr'>iu</span> <span class='ocrx_word' id='word_1_141' title='bbox 2350 2325 2551 2398; x_wconf 87' lang='lat' dir='ltr'>iam-</span> 
     </span>
     <span class='ocr_line' id='line_1_20' title="bbox 311 2405 2553 2528; baseline 0.001 -28"><span class='ocrx_word' id='word_1_142' title='bbox 311 2428 485 2501; x_wconf 80' lang='lat' dir='ltr'>bum</span> <span class='ocrx_word' id='word_1_143' title='bbox 533 2424 769 2519; x_wconf 83' lang='grc' dir='ltr'><strong>πόλις,</strong></span> <span class='ocrx_word' id='word_1_144' title='bbox 823 2428 1041 2500; x_wconf 84' lang='lat' dir='ltr'>cuius</span> <span class='ocrx_word' id='word_1_145' title='bbox 1090 2405 1404 2498; x_wconf 65' lang='lat' dir='ltr'>u’ltimus</span> <span class='ocrx_word' id='word_1_146' title='bbox 1438 2450 1583 2525; x_wconf 76' lang='lat' dir='ltr'>pes</span> <span class='ocrx_word' id='word_1_147' title='bbox 1636 2436 1752 2497; x_wconf 78' lang='lat' dir='ltr'>est</span> <span class='ocrx_word' id='word_1_148' title='bbox 1797 2427 2319 2524; x_wconf 79' lang='lat' dir='ltr'>amphimacer</span> <span class='ocrx_word' id='word_1_149' title='bbox 2369 2430 2553 2528; x_wconf 87' lang='lat' dir='ltr'>(eum</span> 
     </span>
     <span class='ocr_line' id='line_1_21' title="bbox 309 2529 2553 2632; baseline 0 -26"><span class='ocrx_word' id='word_1_150' title='bbox 309 2530 837 2630; x_wconf 77' lang='lat' dir='ltr'>amphibrachum</span> <span class='ocrx_word' id='word_1_151' title='bbox 887 2530 1105 2603; x_wconf 90' lang='lat' dir='ltr'>dicere</span> <span class='ocrx_word' id='word_1_152' title='bbox 1156 2530 1445 2624; x_wconf 81' lang='lat' dir='ltr'>volebat)</span> <span class='ocrx_word' id='word_1_153' title='bbox 1498 2529 1625 2601; x_wconf 79' lang='lat' dir='ltr'>vel</span> <span class='ocrx_word' id='word_1_154' title='bbox 1669 2529 2074 2602; x_wconf 77' lang='lat' dir='ltr'>bacchius?</span> <span class='ocrx_word' id='word_1_155' title='bbox 2178 2531 2320 2607; x_wconf 90' lang='lat' dir='ltr'>Sed</span> <span class='ocrx_word' id='word_1_156' title='bbox 2353 2558 2553 2632; x_wconf 86' lang='lat' dir='ltr'>quum</span> 
     </span>
    </p>
   </div>
   <div class='ocr_carea' id='block_1_6' title="bbox 193 2631 2553 2735">
    <p class='ocr_par' dir='ltr' id='par_1_6' title="bbox 193 2631 2553 2735">
     <span class='ocr_line' id='line_1_22' title="bbox 193 2631 2553 2735; baseline 0.002 -29"><span class='ocrx_word' id='word_1_157' title='bbox 193 2653 200 2658; x_wconf 82' lang='grc'><em>·</em></span> <span class='ocrx_word' id='word_1_158' title='bbox 310 2634 558 2735; x_wconf 84' lang='lat' dir='ltr'>pergit·</span> <span class='ocrx_word' id='word_1_159' title='bbox 640 2631 803 2704; x_wconf 80' lang='lat' dir='ltr'>siue</span> <span class='ocrx_word' id='word_1_160' title='bbox 884 2632 1109 2705; x_wconf 85' lang='lat' dir='ltr'>dubio</span> <span class='ocrx_word' id='word_1_161' title='bbox 1196 2632 1612 2729; x_wconf 79' lang='lat' dir='ltr'>scripserat</span> <span class='ocrx_word' id='word_1_162' title='bbox 1692 2634 2010 2731; x_wconf 76' lang='lat' dir='ltr'>Eupolis</span> <span class='ocrx_word' id='word_1_163' title='bbox 2074 2635 2288 2728; x_wconf 86' lang='grc' dir='ltr'><strong><em>Χίος,</em></strong></span> <span class='ocrx_word' id='word_1_164' title='bbox 2341 2633 2553 2721; x_wconf 83' lang='grc' dir='ltr'><strong>πόλις</strong></span> 
     </span>
    </p>
   </div>
   <div class='ocr_carea' id='block_1_7' title="bbox 310 2734 2552 3143">
    <p class='ocr_par' dir='ltr' id='par_1_7' title="bbox 310 2734 2552 3143">
     <span class='ocr_line' id='line_1_23' title="bbox 310 2734 2551 2859; baseline 0.001 -51"><span class='ocrx_word' id='word_1_165' title='bbox 310 2738 522 2833; x_wconf 79' lang='grc' dir='ltr'><strong>αὕτη.</strong></span> <span class='ocrx_word' id='word_1_166' title='bbox 621 2736 880 2833; x_wconf 83' lang='lat' dir='ltr'>Neque</span> <span class='ocrx_word' id='word_1_167' title='bbox 949 2735 1151 2807; x_wconf 82' lang='lat' dir='ltr'>enim</span> <span class='ocrx_word' id='word_1_168' title='bbox 1215 2734 1491 2808; x_wconf 87' lang='lat' dir='ltr'>merito</span> <span class='ocrx_word' id='word_1_169' title='bbox 1557 2736 2185 2846; x_wconf 75' lang='lat' dir='ltr'>reprehenderis</span> <span class='ocrx_word' id='word_1_170' title='bbox 2205 2763 2551 2859; x_wconf 75' lang='lat' dir='ltr'>anapae-</span> 
     </span>
     <span class='ocr_line' id='line_1_24' title="bbox 312 2838 2550 2959; baseline 0.001 -46"><span class='ocrx_word' id='word_1_171' title='bbox 312 2853 512 2916; x_wconf 77' lang='lat' dir='ltr'>stum</span> <span class='ocrx_word' id='word_1_172' title='bbox 564 2839 738 2912; x_wconf 81' lang='lat' dir='ltr'>sede</span> <span class='ocrx_word' id='word_1_173' title='bbox 789 2838 1114 2959; x_wconf 82' lang='lat' dir='ltr'>septima</span> <span class='ocrx_word' id='word_1_174' title='bbox 1164 2839 1503 2938; x_wconf 81' lang='lat' dir='ltr'>quamvis</span> <span class='ocrx_word' id='word_1_175' title='bbox 1552 2839 1977 2912; x_wconf 73' lang='lat' dir='ltr'>rarizorem</span> <span class='ocrx_word' id='word_1_176' title='bbox 2059 2843 2275 2937; x_wconf 85' lang='lat' dir='ltr'>gravis</span> <span class='ocrx_word' id='word_1_177' title='bbox 2325 2844 2385 2915; x_wconf 91' lang='lat' dir='ltr'>is</span> <span class='ocrx_word' id='word_1_178' title='bbox 2436 2867 2550 2915; x_wconf 89' lang='lat' dir='ltr'>er-</span> 
     </span>
     <span class='ocr_line' id='line_1_25' title="bbox 310 2935 2552 3044; baseline -0 -24"><span class='ocrx_word' id='word_1_179' title='bbox 310 2972 423 3022; x_wconf 93' lang='lat' dir='ltr'>ror</span> <span class='ocrx_word' id='word_1_180' title='bbox 488 2953 592 3018; x_wconf 88' lang='lat' dir='ltr'>est</span> <span class='ocrx_word' id='word_1_181' title='bbox 640 2946 708 3015; x_wconf 93' lang='lat' dir='ltr'>in</span> <span class='ocrx_word' id='word_1_182' title='bbox 774 2969 850 3016; x_wconf 91' lang='lat' dir='ltr'>re</span> <span class='ocrx_word' id='word_1_183' title='bbox 901 2935 1195 3016; x_wconf 85' lang='lat' dir='ltr'>metrica.</span> <span class='ocrx_word' id='word_1_184' title='bbox 1299 2942 1508 3017; x_wconf 87' lang='lat' dir='ltr'>Immo</span> <span class='ocrx_word' id='word_1_185' title='bbox 1573 2944 2068 3038; x_wconf 87' lang='lat' dir='ltr'>restituendum,</span> <span class='ocrx_word' id='word_1_186' title='bbox 2136 2945 2309 3042; x_wconf 86' lang='lat' dir='ltr'>quod</span> <span class='ocrx_word' id='word_1_187' title='bbox 2376 2945 2552 3044; x_wconf 86' lang='lat' dir='ltr'>apud</span> 
     </span>
     <span class='ocr_line' id='line_1_26' title="bbox 312 3047 1350 3143; baseline -0.007 -19"><span class='ocrx_word' id='word_1_188' title='bbox 312 3049 733 3126; x_wconf 87' lang='lat' dir='ltr'>scholiastam</span> <span class='ocrx_word' id='word_1_189' title='bbox 782 3048 991 3143; x_wconf 85' lang='lat' dir='ltr'>abest,</span> <span class='ocrx_word' id='word_1_190' title='bbox 1044 3047 1350 3119; x_wconf 81' lang='lat' dir='ltr'>verbum·</span> 
     </span>
    </p>
   </div>
   <div class='ocr_carea' id='block_1_8' title="bbox 1032 3181 2420 3285">
    <p class='ocr_par' dir='ltr' id='par_1_8' title="bbox 1032 3181 2420 3285">
     <span class='ocr_line' id='line_1_27' title="bbox 1032 3181 2420 3285; baseline 0.001 -25"><span class='ocrx_word' id='word_1_191' title='bbox 1032 3183 1222 3281; x_wconf 77' lang='grc' dir='ltr'><em>αὕτη</em></span> <span class='ocrx_word' id='word_1_192' title='bbox 1274 3182 1486 3273; x_wconf 82' lang='grc' dir='ltr'><em>Χίος,</em></span> <span class='ocrx_word' id='word_1_193' title='bbox 1537 3184 1724 3281; x_wconf 79' lang='grc' dir='ltr'>καλὴ</span> <span class='ocrx_word' id='word_1_194' title='bbox 1777 3181 1988 3270; x_wconf 89' lang='grc' dir='ltr'><strong>πόλις</strong></span> <span class='ocrx_word' id='word_1_195' title='bbox 2037 3183 2420 3285; x_wconf 75' lang='grc' dir='ltr'><strong>παρεστιν.</strong></span> 
     </span>
    </p>
   </div>
   <div class='ocr_carea' id='block_1_9' title="bbox 312 3322 2552 3831">
    <p class='ocr_par' dir='ltr' id='par_1_9' title="bbox 312 3322 2549 3423">
     <span class='ocr_line' id='line_1_28' title="bbox 312 3322 2549 3423; baseline -0 -24"><span class='ocrx_word' id='word_1_196' title='bbox 312 3324 464 3400; x_wconf 87' lang='lat' dir='ltr'>Non</span> <span class='ocrx_word' id='word_1_197' title='bbox 516 3322 709 3398; x_wconf 90' lang='lat' dir='ltr'>aliter</span> <span class='ocrx_word' id='word_1_198' title='bbox 758 3324 933 3398; x_wconf 90' lang='lat' dir='ltr'>enim</span> <span class='ocrx_word' id='word_1_199' title='bbox 1003 3325 1121 3396; x_wconf 89' lang='lat' dir='ltr'>illa</span> <span class='ocrx_word' id='word_1_200' title='bbox 1186 3324 1256 3395; x_wconf 91' lang='lat' dir='ltr'>in</span> <span class='ocrx_word' id='word_1_201' title='bbox 1323 3323 1476 3397; x_wconf 90' lang='lat' dir='ltr'>sede</span> <span class='ocrx_word' id='word_1_202' title='bbox 1544 3348 1899 3397; x_wconf 90' lang='lat' dir='ltr'>concessus</span> <span class='ocrx_word' id='word_1_203' title='bbox 1967 3331 2068 3399; x_wconf 90' lang='lat' dir='ltr'>est</span> <span class='ocrx_word' id='word_1_204' title='bbox 2133 3331 2549 3423; x_wconf 84' lang='lat' dir='ltr'>anapaestus,</span> 
     </span>
    </p>

    <p class='ocr_par' dir='ltr' id='par_1_10' title="bbox 312 3426 2547 3528">
     <span class='ocr_line' id='line_1_29' title="bbox 312 3426 2547 3528; baseline 0 -27"><span class='ocrx_word' id='word_1_205' title='bbox 312 3453 505 3528; x_wconf 85' lang='lat' dir='ltr'>quam</span> <span class='ocrx_word' id='word_1_206' title='bbox 560 3426 643 3500; x_wconf 79' lang='lat' dir='ltr'>=in</span> <span class='ocrx_word' id='word_1_207' title='bbox 706 3429 966 3501; x_wconf 85' lang='lat' dir='ltr'>nomine</span> <span class='ocrx_word' id='word_1_208' title='bbox 1031 3427 1299 3526; x_wconf 91' lang='lat' dir='ltr'>proprio</span> <span class='ocrx_word' id='word_1_209' title='bbox 1315 3479 1346 3520; x_wconf 82' lang='lat'><strong><em>,</em></strong></span> <span class='ocrx_word' id='word_1_210' title='bbox 1422 3435 1497 3500; x_wconf 88' lang='lat' dir='ltr'>ut</span> <span class='ocrx_word' id='word_1_211' title='bbox 1575 3428 1648 3500; x_wconf 89' lang='lat' dir='ltr'>in</span> <span class='ocrx_word' id='word_1_212' title='bbox 1715 3426 2418 3525; x_wconf 84' lang='lat' dir='ltr'>Thesmophoriazusis</span> <span class='ocrx_word' id='word_1_213' title='bbox 2485 3455 2547 3501; x_wconf 85' lang='lat' dir='ltr'>v.</span> 
     </span>
    </p>

    <p class='ocr_par' dir='ltr' id='par_1_11' title="bbox 317 3534 2552 3831">
     <span class='ocr_line' id='line_1_30' title="bbox 317 3534 2552 3812; baseline -0.001 -103"><span class='ocrx_word' id='word_1_214' title='bbox 317 3534 493 3607; x_wconf 68' lang='lat'>⁵47</span> <span class='ocrx_word' id='word_1_215' title='bbox 521 3633 807 3736; x_wconf 78' lang='grc' dir='ltr'><strong><em>ἐγένετο</em></strong></span> <span class='ocrx_word' id='word_1_216' title='bbox 859 3631 1381 3719; x_wconf 78' lang='grc' dir='ltr'><strong>Μαλανίππας</strong></span> <span class='ocrx_word' id='word_1_217' title='bbox 1431 3641 1673 3709; x_wconf 79' lang='grc' dir='ltr'><strong>ποιῶν</strong></span> <span class='ocrx_word' id='word_1_218' title='bbox 1726 3631 2078 3812; x_wconf 46' lang='lat' dir='ltr'>&amp;ogdoas</span> <span class='ocrx_word' id='word_1_219' title='bbox 2125 3654 2241 3707; x_wconf 83' lang='grc' dir='ltr'>τε·</span> <span class='ocrx_word' id='word_1_220' title='bbox 2298 3637 2552 3729; x_wconf 75' lang='grc' dir='ltr'><em>Πηνε-</em></span> 
     </span>
     <span class='ocr_line' id='line_1_31' title="bbox 1544 3733 1914 3831; baseline 0.003 -21"><span class='ocrx_word' id='word_1_221' title='bbox 1544 3733 1781 3831; x_wconf 81' lang='grc' dir='ltr'><strong>λόπην</strong></span> <span class='ocrx_word' id='word_1_222' title='bbox 1882 3767 1914 3811; x_wconf 92' lang='grc' dir='ltr'><em>ε</em></span> 
     </span>
    </p>
   </div>
   <div class='ocr_carea' id='block_1_10' title="bbox 313 3872 2550 4595">
    <p class='ocr_par' dir='ltr' id='par_1_12' title="bbox 313 3872 2550 4595">
     <span class='ocr_line' id='line_1_32' title="bbox 313 3872 2549 3970; baseline -0.002 -20"><span class='ocrx_word' id='word_1_223' title='bbox 313 3874 381 3950; x_wconf 86' lang='grc' dir='ltr'><strong>Ν</strong></span> <span class='ocrx_word' id='word_1_224' title='bbox 381 3900 459 3950; x_wconf 89' lang='lat' dir='ltr'>ec</span> <span class='ocrx_word' id='word_1_225' title='bbox 524 3875 768 3948; x_wconf 88' lang='lat' dir='ltr'>licebat</span> <span class='ocrx_word' id='word_1_226' title='bbox 835 3872 1107 3947; x_wconf 85' lang='lat' dir='ltr'>Cratino</span> <span class='ocrx_word' id='word_1_227' title='bbox 1169 3874 1368 3947; x_wconf 87' lang='lat' dir='ltr'>talem</span> <span class='ocrx_word' id='word_1_228' title='bbox 1431 3873 1781 3946; x_wconf 91' lang='lat' dir='ltr'>iambicum</span> <span class='ocrx_word' id='word_1_229' title='bbox 1852 3873 2072 3947; x_wconf 88' lang='lat' dir='ltr'>facere</span> <span class='ocrx_word' id='word_1_230' title='bbox 2086 3926 2112 3966; x_wconf 84' lang='lat'><strong><em>,</em></strong></span> <span class='ocrx_word' id='word_1_231' title='bbox 2178 3874 2432 3970; x_wconf 88' lang='lat' dir='ltr'>qualem</span> <span class='ocrx_word' id='word_1_232' title='bbox 2480 3874 2549 3946; x_wconf 92' lang='lat' dir='ltr'>in</span> 
     </span>
     <span class='ocr_line' id='line_1_33' title="bbox 313 3973 2550 4076; baseline -0.001 -25"><span class='ocrx_word' id='word_1_233' title='bbox 313 3980 676 4076; x_wconf 80' lang='lat' dir='ltr'>fragmento</span> <span class='ocrx_word' id='word_1_234' title='bbox 747 3976 1100 4050; x_wconf 85' lang='lat' dir='ltr'>Deliadum</span> <span class='ocrx_word' id='word_1_235' title='bbox 1181 3976 1354 4074; x_wconf 89' lang='lat' dir='ltr'>apud</span> <span class='ocrx_word' id='word_1_236' title='bbox 1437 3975 1854 4049; x_wconf 86' lang='lat' dir='ltr'>scholiastam</span> <span class='ocrx_word' id='word_1_237' title='bbox 1933 3973 2395 4074; x_wconf 87' lang='lat' dir='ltr'>Aristophanis</span> <span class='ocrx_word' id='word_1_238' title='bbox 2466 3976 2550 4048; x_wconf 90' lang='lat' dir='ltr'>ad</span> 
     </span>
     <span class='ocr_line' id='line_1_34' title="bbox 318 4076 2550 4179; baseline -0.002 -23"><span class='ocrx_word' id='word_1_239' title='bbox 318 4078 495 4156; x_wconf 81' lang='lat' dir='ltr'>Aves</span> <span class='ocrx_word' id='word_1_240' title='bbox 547 4107 612 4154; x_wconf 82' lang='lat' dir='ltr'>v.</span> <span class='ocrx_word' id='word_1_241' title='bbox 675 4084 895 4154; x_wconf 79' lang='lat'>1294.</span> <span class='ocrx_word' id='word_1_242' title='bbox 942 4079 1384 4179; x_wconf 90' lang='lat' dir='ltr'>reponendum</span> <span class='ocrx_word' id='word_1_243' title='bbox 1433 4079 1707 4177; x_wconf 90' lang='lat' dir='ltr'>putabat</span> <span class='ocrx_word' id='word_1_244' title='bbox 1754 4076 2161 4152; x_wconf 83' lang='lat' dir='ltr'>Fritzschius</span> <span class='ocrx_word' id='word_1_245' title='bbox 2201 4078 2272 4150; x_wconf 90' lang='lat' dir='ltr'>in</span> <span class='ocrx_word' id='word_1_246' title='bbox 2302 4077 2550 4151; x_wconf 87' lang='lat' dir='ltr'>disser-</span> 
     </span>
     <span class='ocr_line' id='line_1_35' title="bbox 318 4182 2267 4314; baseline -0.003 -55"><span class='ocrx_word' id='word_1_247' title='bbox 318 4186 564 4269; x_wconf 81' lang='lat' dir='ltr'>tatione</span> <span class='ocrx_word' id='word_1_248' title='bbox 616 4184 697 4258; x_wconf 88' lang='lat' dir='ltr'>de</span> <span class='ocrx_word' id='word_1_249' title='bbox 748 4183 1450 4282; x_wconf 85' lang='lat' dir='ltr'>Thesmophoriazusis</span> <span class='ocrx_word' id='word_1_250' title='bbox 1499 4182 1990 4314; x_wconf 88' lang='lat' dir='ltr'>posterioribus</span> <span class='ocrx_word' id='word_1_251' title='bbox 2017 4208 2087 4282; x_wconf 90' lang='lat' dir='ltr'>p.</span> <span class='ocrx_word' id='word_1_252' title='bbox 2143 4185 2267 4255; x_wconf 79' lang='lat'>49.</span> 
     </span>
     <span class='ocr_line' id='line_1_36' title="bbox 1586 4282 2147 4372; baseline 0.002 -12"><span class='ocrx_word' id='word_1_253' title='bbox 1586 4288 1671 4362; x_wconf 78' lang='grc' dir='ltr'>ἐν</span> <span class='ocrx_word' id='word_1_254' title='bbox 1720 4282 1804 4361; x_wconf 73' lang='grc' dir='ltr'>δὲ</span> <span class='ocrx_word' id='word_1_255' title='bbox 1853 4282 2147 4372; x_wconf 82' lang='grc' dir='ltr'><strong>τούτοις</strong></span> 
     </span>
     <span class='ocr_line' id='line_1_37' title="bbox 517 4381 2545 4520; baseline -0.001 -51"><span class='ocrx_word' id='word_1_256' title='bbox 517 4393 846 4471; x_wconf 67' lang='lat' dir='ltr'>omo-9⁶21</span> <span class='ocrx_word' id='word_1_257' title='bbox 894 4394 1031 4466; x_wconf 76' lang='grc' dir='ltr'>ἴτω</span> <span class='ocrx_word' id='word_1_258' title='bbox 1058 4390 1314 4494; x_wconf 74' lang='grc' dir='ltr'><em>φέρων</em></span> <span class='ocrx_word' id='word_1_259' title='bbox 1361 4387 1646 4520; x_wconf 77' lang='grc' dir='ltr'><em>δίφρον</em></span> <span class='ocrx_word' id='word_1_260' title='bbox 1678 4381 2188 4495; x_wconf 78' lang='grc' dir='ltr'>Λυκοῦργος’</span> <span class='ocrx_word' id='word_1_261' title='bbox 2163 4393 2378 4494; x_wconf 70' lang='grc' dir='ltr'>ἔχων</span> <span class='ocrx_word' id='word_1_262' title='bbox 2408 4416 2545 4466; x_wconf 83' lang='grc' dir='ltr'>κα-</span> 
     </span>
     <span class='ocr_line' id='line_1_38' title="bbox 1545 4487 1871 4595; baseline 0 -25"><span class='ocrx_word' id='word_1_263' title='bbox 1545 4487 1871 4595; x_wconf 65' lang='grc' dir='ltr'><strong>λάσιριν,</strong></span> 
     </span>
    </p>
   </div>
  </div>
 </body>
</html>
