3275 5317
702 473 794 545 Β
1503 475 1625 539 DE
1668 475 2156 537 AESCHYLI

704 636 1118 736 ἰσχναίνων
1160 633 1421 737 χρόνῳ
1470 636 1599 714 καὶ
1664 633 2149 738 σεμνοκόπτει
2197 638 2400 713 τοῦτ’
2471 640 2554 714 ἐν
2617 637 2932 736 ἀνδρείᾳ

700 743 946 846 στέγῃ.
1050 738 1405 840 Sophoclis
1455 765 1708 834 versus»,
1763 766 1955 840 quem
1986 741 2221 814 audaci
2248 741 2675 815 hariolatione
2706 766 2935 815 emen-

701 845 881 919 davit
932 843 1385 937 Gasaubonus,
1439 844 1520 917 ab
1570 844 1755 917 libris
1807 845 2120 918 auxilium
2155 853 2519 942 exspectat.
2571 844 2654 916 In
2682 842 2936 917 Archi-

697 947 876 1023 lochi
909 949 1297 1044 fragmento,
1338 948 1513 1044 quod
1553 948 1849 1046 quintum
1875 947 2050 1045 apud
2086 945 2459 1020 Liebelium
2495 956 2620 1040 est,
2658 948 2731 1018 in
2771 972 2936 1021 sex-

697 1059 771 1126 to
815 1060 885 1125 et
946 1051 1255 1125 vicesimo
1307 1058 1527 1123 autem
1577 1051 1754 1148 apud
1800 1048 2282 1123 Blomfieldium
2309 1050 2571 1146 legitur,
2626 1050 2934 1148 Toupius

707 1154 947 1252 Θρηὶξ
993 1154 1305 1248 restituit,
1361 1150 1455 1227 G.
1507 1150 1892 1226 Dindorfius
1941 1153 2363 1250 probabiliter
2425 1154 2709 1227 coniecit
2755 1154 2931 1275 παρ’
3033 1227 3044 1236 ,

699 1258 947 1357 αὐλῷι
1000 1256 1419 1355 πονευμένη
1468 1256 1716 1328 frustra
1764 1262 2079 1349 tentatur,
2134 1256 2306 1361 quod
2357 1264 2457 1329 est
2503 1256 2786 1329 obsceno
2832 1258 2935 1329 si-

696 1359 1010 1458 gnificatu
1085 1360 1354 1433 dictum.
1498 1355 1733 1455 Neque
1810 1357 1982 1430 enim
2058 1341 2321 1429 dubium
2402 1359 2694 1452 videtur,
2769 1384 2934 1458 per·-

696 1464 930 1561 stringi
978 1462 1081 1534 his
1131 1460 1498 1536 Neobulen.
1617 1458 1703 1531 In
1764 1458 2080 1557 Aeschyli
2145 1461 2436 1534 versibus
2487 1462 2753 1534 verbum
2802 1463 2935 1534 ali-

696 1565 869 1639 unde
917 1590 1051 1639 non
1100 1565 1478 1639 adnotatum
1528 1571 2074 1663 σεμνοκομπεῒν
2135 1565 2578 1662 reponendum
2627 1590 2773 1638 esse
2822 1566 2934 1637 in-

696 1669 955 1743 tellexit
1016 1665 1400 1741 Lobeckius
1465 1666 1551 1739 ad
1613 1666 1860 1763 Phryn.
1927 1692 2000 1766 p.
2051 1669 2233 1740 416.
2347 1665 2670 1740 Eamdem
2733 1669 2930 1763 viam,

695 1771 818 1845 sed
879 1771 1078 1843 laesis
1141 1771 1395 1868 legibus
1457 1770 1900 1866 grammaticis
1913 1821 1940 1862 ,
2006 1770 2267 1843 adiecta
2327 1770 2590 1843 horrida
2639 1772 2935 1846 versione

698 1871 1125 1967 Germanica,
1175 1875 1508 1970 ingressus
1560 1882 1663 1947 est
1709 1870 1773 1944 Ι.
1823 1872 1920 1945 H.
1970 1871 2318 1946 Vossius
2294 1898 2367 1945 ιιι
2394 1885 2673 1948 censura
2715 1873 2934 1947 Greu-

696 1978 837 2051 zeri
901 1975 1310 2074 Symbolices
1357 1977 1430 2047 in
1476 1974 1673 2050 Diar.
1724 1974 1990 2050 lenens.
2048 1979 2269 2050 1821.
2322 2005 2412 2050 ιιι.
2443 1976 2655 2070 Maio,
2711 1995 2771 2053 v.
2804 1980 2931 2052 86.

694 2104 768 2181 p.
834 2084 1012 2154 202.
1130 2076 1539 2172 Dindorfius,
1607 2079 1784 2178 quod
1846 2079 1919 2151 in
1981 2079 2211 2153 codice
2286 2079 2375 2152 Β.
2460 2081 2693 2156 ἕπεινε
2755 2081 2934 2154 scri-

694 2189 882 2284 ptum
930 2179 1203 2276 videret,
1254 2190 1600 2280 utrumque
1649 2182 1919 2255 verbum
1967 2181 2053 2254 ad
2103 2182 2396 2254 eamdem
2420 2208 2769 2303 personam
2817 2208 2935 2257 re-

693 2286 855 2359 ferri
900 2293 1111 2380 ratus,
1182 2287 1382 2361 ἕπινε
1454 2285 1680 2357 edidit.
1799 2282 1954 2358 Non
2019 2285 2355 2377 videntur,
2429 2286 2541 2386 qui
2603 2285 2732 2360 hoc
2789 2287 2932 2359 lra-

694 2396 1031 2510 gmeutum
1095 2387 1485 2485 attigerunt,
1565 2388 2003 2518 quaesivisse,
2070 2387 2391 2485 quomodo
2454 2390 2749 2488 βρῦτον
2798 2390 2932 2463 dici

695 2493 986 2591 potuerit
1037 2489 1660 2587 ἲσχναίνεσθαιχ
1604 2487 1890 2589 χρόνῳ,
1953 2492 2341 2590 praesertim
2391 2516 2588 2589 quum
2641 2491 2933 2591 ἲσχναί-

696 2622 883 2688 νειν,
933 2595 1005 2668 in
1055 2619 1184 2692 quo
1235 2593 1628 2667 arefaciendi
1679 2592 2066 2691 significatio
2130 2594 2329 2687 inest,
2381 2595 2644 2668 minime
2708 2605 2932 2695 aptum

695 2698 799 2771 rei
846 2698 1230 2771 vocabulum
1281 2698 1369 2770 sit
1384 2724 1406 2769 ε
1476 2696 1793 2795 ἀνδρεία
1844 2704 2061 2769 autem
2129 2697 2349 2799 στέγη
2423 2706 2557 2771 tam
2619 2699 2932 2796 singulari

696 2800 893 2876 modo
945 2801 1122 2874 dicta
1172 2809 1311 2894 est,
1377 2809 1452 2874 ut
1513 2802 1662 2901 ipsa
1724 2825 1977 2900 quoque
2044 2809 2352 2898 suspecta
2400 2826 2547 2874 esse
2614 2802 2930 2877 debuerit.

696 2903 889 2981 Haec
938 2905 1157 2980 omnia
1203 2905 1675 2978 removebimus
1725 2914 1911 2978 certa
1960 2904 2408 2977 emendatione
2424 2931 2447 2978 z

901 3044 1051 3119 κάκ
1101 3042 1343 3120 τῶνδ’
1399 3044 1639 3128 ἔπινες
1689 3045 1983 3141 βρῦτον
2033 3040 2446 3138 ἶσχναίνων
2487 3040 2774 3143 χρόνῳ,

900 3143 1501 3272 κᾶσεμὲξοιςόμπει
1549 3147 1752 3221 τοῦτ’
1805 3150 1888 3222 ἐν
1941 3144 2256 3244 ἀνδρείᾳ
2310 3145 2526 3249 στέγη
2548 3167 2566 3184 ·

902 3305 1003 3353 ex
1051 3281 1170 3353 his
1222 3279 1521 3354 bibebas
1570 3281 1884 3377 zythum
1936 3292 2275 3380 tempore
2325 3281 2597 3377 aridis,

902 3396 1133 3483 atque
1182 3384 1268 3457 in
1316 3384 1604 3458 virtute
1654 3383 2076 3458 actitabat
2120 3384 2265 3458 hoc
2315 3384 2607 3459 domus.

698 3521 1109 3621 colloquitur
1156 3523 1383 3597 nescio
1433 3524 1578 3623 quis
1628 3547 1782 3597 cum
1829 3522 2180 3621 Lyeurgoz
2233 3525 2346 3623 qui
2398 3549 2594 3622 quum
2625 3526 2707 3598 ἐκ
2730 3533 2930 3601 τῶν-

695 3624 782 3702 δε
835 3627 1036 3721 dicit,
1104 3627 1210 3701 vel
1275 3628 1494 3700 calvas
1558 3625 1865 3723 intelligit
1928 3627 2034 3701 vel
2082 3636 2264 3700 utres
2328 3651 2416 3700 ex
2467 3627 2665 3713 coriis
2714 3627 2929 3700 factos

694 3729 1048 3827 hospitum,
1128 3754 1290 3828 quos
1343 3730 1693 3803 occidisset
1741 3727 2128 3827 Lyeurgusz
2195 3755 2471 3828 quorum
2533 3729 2647 3800 ille
2712 3729 2928 3802 disse-

699 3839 811 3906 cta
858 3833 1148 3906 membra
1195 3833 1489 3930 postibus
1536 3834 1769 3906 domus
1821 3857 1980 3905 suae
2030 3831 2297 3929 affigere
2347 3838 2795 3906 consueverat.
2846 3830 2928 3906 Id

696 3935 966 4035 copiose
1030 3935 1380 4034 descripsit
1443 3933 1723 4009 Nonnus
1787 3935 1962 4008 XX.
2032 3961 2094 4008 v.
2173 3938 2438 4008 149—
2460 3936 2629 4007 181.
2748 3933 2927 4010 Hinc

695 4039 873 4137 quod
920 4040 1033 4112 ille
1082 4039 1183 4111 sic
1234 4038 1314 4111 de
1365 4063 1545 4112 more
1610 4039 1862 4166 capita
1896 4045 1966 4111 et
2026 4038 2234 4136 pelles
2301 4037 2660 4111 arefaceret
2673 4090 2700 4131 ,
2751 4044 2926 4111 tem-

693 4164 857 4238 pore
907 4149 1252 4242 praesente
1303 4141 1549 4216 dictum
1601 4135 2056 4236 ἲσχναινωνς
2106 4140 2281 4237 quod
2331 4148 2548 4214 autem
2591 4142 2665 4214 in
2712 4142 2926 4215 fronte

696 4244 927 4317 domus
979 4250 1377 4339 arescerent,
1428 4252 1608 4319 tecta
1656 4243 1827 4317 hanc
1877 4243 2395 4317 crudelitatem
2372 4269 2443 4316 ιιι
2469 4244 2727 4318 virtutis
2773 4243 2924 4318 loco

698 4369 849 4419 eum
896 4347 1252 4423 iactatione
1301 4348 1531 4423 testari
1581 4346 1911 4421 dicuntur.
2024 4344 2182 4444 Ipse
2233 4371 2380 4424 eam
2411 4439 2416 4444 ἡ
2442 4347 2766 4422 feritatem
2815 4347 2925 4420 ia-

698 4456 839 4523 ctat
887 4445 1237 4549 Lyeurgus
1286 4451 1460 4552 apud
1508 4448 1818 4531 Nomium
1865 4448 2039 4525 XX.
2092 4451 2267 4525 311.
2439 4501 2446 4508 ι
