3275 5317
1084 465 1820 538 Tnnocm‘rEAE.
2494 475 2582 541 99

526 629 635 706 Π.
691 628 952 738 οἷπφῦς
998 629 1161 729 μὰν
1210 640 1435 729 τῆνος
1487 629 1763 833 πρέξαν
1812 631 2150 737 (λέγομες
2172 629 2270 711 τὰ
2292 634 2568 737 πρώαν

1670 765 1720 814 ν

525 833 816 936 πάντα)
863 834 1131 936 νίτρον
1180 836 1310 914 καὶ
1360 846 1630 940 φῦκος,

312 982 378 1047 et
431 995 601 1073 quae
650 981 1036 1073 sequnntur.
1147 973 1262 1052 T&
1311 974 1583 1078 πρώαν
1639 986 1716 1051 et
1763 976 2034 1053 codices
2085 917 2439 1076 praebent,
2505 990 2575 1055 et

307 1079 529 1175 poscit
578 1078 928 1151 sententia.

512 1179 608 1255 V.
668 1186 791 1254 19.
843 1177 1207 1280 Spolmius,
1263 1178 1377 1280 qui
1427 1203 1561 1280 qua
1589 1183 1849 1256 solebat
1891 1183 2260 1257 incredibili
2289 1184 2574 1283 diligen·-

303 1283 395 1358 tia
449 1282 534 1357 de
585 1284 716 1358 hoc
768 1305 1025 1384 qnoque
1074 1284 1225 1359 loco
1279 1286 1733 1383 quaestionem
1794 1287 2119 1379 instituit,
2189 1287 2261 1358 in
2328 1313 2407 1361 eo
2459 1298 2572 1363 ta-

303 1409 456 1461 men
504 1385 650 1460 fani
700 1412 773 1460 se
825 1412 1060 1486 passus
1112 1395 1238 1482 est,
1263 1389 1470 1510 ‘quod
1534 1386 1786 1474 πόκως
1840 1390 1922 1462 de
1971 1388 2254 1488 pellibus
2304 1391 2571 1466 intelle-

302 1491 427 1564 xit.
535 1488 692 1565 Non
755 1490 975 1563 lanam
1044 1514 1195 1565 cum
1259 1492 1427 1592 ipsis
1506 1493 1748 1585 coriis,
1816 1492 1936 1565 sed
2002 1493 2341 1567 detonsam
2408 1496 2568 1568 emit

298 1592 676 1668 Dioclides.
732 1591 993 1677 Πόκος
1041 1594 1307 1693 proprie
1362 1603 1467 1669 est
1516 1603 1774 1671 tantum
1798 1595 1991 1671 lanae
2043 1604 2356 1695 quantum
2381 1598 2717 1673 una1070

302 1696 446 1772 ovis
498 1696 798 1799 praebet.
898 1693 1095 1771 Iliad.
1146 1691 1321 1774 XII.
1375 1699 1475 1773 45
1490 1706 1559 1775 l.

512 1834 619 1921 ὥς
680 1833 766 1911 δ’
834 1832 959 1912 ὅτε
1023 1833 1307 1933 ποιιιὴν
1389 1840 1554 1934 ῥεῖα
1592 1836 1843 2015 ἲοφέρει
1920 1831 2169 1913 πόκον
2244 1839 2567 1941 ἄρσενος

1543 1969 1585 2015 0
1642 1937 1705 2025 ς

303 2071 505 2150 Conf.
559 2071 859 2149 Theocr.
910 2071 1005 2149 V.
1059 2075 1188 2151 98.
1241 2072 1653 2173 Hesychius.
1706 2072 1962 2171 πόκος,
2014 2073 2102 2153 το
2133 2077 2340 2176 ἔριον
2373 2043 2598 2179 προ-η

300 2177 575 2279 βάτου.
676 2177 857 2252 Hinc
909 2184 1093 2253 certa
1130 2178 1339 2310 copia
1387 2179 1580 2254 lanae
1595 2231 1623 2273 ,
1695 2180 1983 2254 fortasse
2050 2179 2137 2253 ad
2185 2175 2361 2255 hunc
2411 2206 2564 2257 mo-

57 2359 58 2370 ,
191 2325 197 2336 ·
301 2283 528 2357 dulum
575 2281 1000 2381 ponderatae,
1052 2277 1283 2370 πόκος
1350 2283 1527 2357 dicta
1576 2283 1875 2357 videtur.
1943 2283 2040 2356 ita
2055 2333 2082 2378 ‚
2149 2284 2280 2356 nisi
2338 2285 2562 2379 fallor,

302 2386 617 2461 Cratinus
682 2385 858 2485 apud
921 2384 1265 2459 Pollucem
1313 2379 1480 2461 VII.
1533 2389 1662 2463 28.
1731 2383 1957 2488 ἐρίων
2020 2395 2369 2489 πιναρῶν
2416 2385 2561 2465 πό-

298 2517 435 2570 κον
486 2488 783 2666 1]ὫΙΤᾞἛΕΙ.
837 2590 975 2685 Qui
1020 2590 1498 2691 τᾶμπὲχονον
1545 2592 1657 2668 hic
1706 2593 2084 2668 interiorem
2135 2600 2383 2669 vestem
2415 2618 2563 2671 esse
2686 2644 2693 2649 ι

303 2697 693 2789 docuerunt,
746 2719 837 2769 ex
889 2721 950 2769 v.
1004 2696 1338 2770 34-39,
1392 2696 1648 2770 discere
1695 2704 2091 2818 potuerant,
2158 2698 2255 2771 ita
2303 2697 2558 2772 Praxi-

304 2825 495 2876 noam
544 2798 925 2872 interiorem
971 2807 1221 2873 vestem
1270 2799 1739 2899 superinduere
1790 2800 2129 2875 exteriori.

505 2900 604 2977 V.
657 2905 785 2976 22.
835 2901 972 2976 Hic
1021 2901 1302 2999 legitur.

507 3044 755 3172 βᾶμες
801 3046 914 3116 τῶ
962 3041 1325 3171 βασιλῆος
1376 3042 1449 3123 ἐς
1499 3039 1795 3140 ἅφνειῶ
1844 3035 2302 3138 Πτολεμαίου

457 3139 941 3242 θασόμενοιι
987 3135 1128 3219 τον
1160 3139 1533 3221 ’Ἄδωνιν

307 3284 642 3377 Quasnam
692 3280 856 3357 dicit
904 3277 1137 3377 Gorgo
1155 3271 1195 3354 Ρ
1245 3276 1331 3353 Si
1381 3304 1457 3353 se
1506 3279 1741 3374 solam,
1793 3302 1927 3353 non
1975 3286 2129 3378 apte
2178 3278 2251 3351 in
2291 3278 2421 3353 hoc
2444 3280 2558 3354 fa·

306 3387 544 3462 miliari
592 3407 895 3458 sermone
941 3384 1151 3457 utitur
1211 3382 1475 3481 plurali.
1594 3380 1682 3457 Si
1731 3407 1806 3458 se
1858 3390 1927 3456 et
1975 3382 2283 3456 ancillam
2332 3380 2555 3482 Euty-

307 3490 586 3583 chidem,
637 3511 773 3561 non
820 3486 1109 3585 loquitur
1170 3494 1248 3559 ut
1296 3485 1488 3560 decet
1533 3484 1785 3559 heram.
1903 3481 2034 3559 Sin
2096 3510 2171 3558 se
2239 3494 2308 3559 et
2373 3484 2555 3560 Pra-
2678 3551 2693 3562 -.

307 3593 570 3667 xinoam
582 3644 611 3686 ‚
661 3591 882 3664 dicere
932 3588 1208 3661 debebat
1252 3590 1542 3688 βῶμες.
1605 3588 1802 3687 idque
1866 3589 2109 3696 legitur
2174 3588 2505 3687 quidem'
2481 3615 2554 3663 m

310 3704 614 3796 quattuor
664 3693 1001 3768 codicibus
1014 3743 1043 3787 ,
1111 3691 1268 3787 sed,
1330 3700 1408 3765 nt
1455 3691 1712 3765 v‘idetm-
1724 3743 1752 3785 ,
1821 3717 1910 3766 ex
1960 3687 2371 3780 correctione
2421 3692 2552 3766 ali-

310 3799 499 3874 cuius
545 3796 982 3896 grammatici,
1034 3818 1232 3893 quum
1281 3795 1353 3868 in
1401 3803 1714 3894 sequente
1763 3818 1959 3870 versu
2000 3797 2199 3869 etiam
2246 3799 2551 3872 θασοῢ-

315 3932 452 3979 ιιεν
463 3953 490 3995 ,
540 3906 932 3998 θασοῦμες
945 3950 973 3991 ,
1038 3902 1440 3999 θασοῦμοιι
1504 3900 1825 3998 scriptum
1873 3898 2263 3973 inveniatur.
2367 3897 2548 3974 Hinc

309 4006 452 4079 veri
511 4005 722 4078 simile
788 4010 891 4077 est
952 4025 1100 4075 eam
1160 4026 1297 4076 non
1374 4002 1599 4075 iubere
1663 4027 1890 4076 secum
1950 4002 2051 4075 ire
2113 3999 2545 4098 Proxinoam,

312 4109 430 4182 sed
479 4108 637 4181 satis
686 4107 925 4179 habere
977 4103 1197 4179 dicere
1249 4129 1376 4204 qno
1439 4105 1588 4206 ipsa
1650 4114 1794 4179 eat:
1856 4129 1989 4179 non
2057 4104 2307 4177 dubitat
2371 4105 2547 4180 enim

205 4231 216 4241 ·
315 4212 472 4310 quin
492 4211 703 4285 amica
724 4210 896 4283 ultro
922 4207 1010 4282 sit
1032 4233 1260 4284 secum
1281 4210 1481 4283 itura.
1550 4208 1774 4302 Quare
1804 4206 2219 4283 scribendum
2244 4207 2539 4300 videtur.

518 4348 702 4448 βᾶμῗ
755 4351 829 4433 ἐς
876 4355 986 4424 τῶ
1007 4350 1424 4480 βασιλῆος,
1476 4349 1550 4432 ἐς
1601 4347 1892 4449 ἀφνειοῦ
1943 4343 2434 4446 Πτολεμαίω·

515 4456 899 4554 θασεῦμαι
945 4448 1087 4530 τὸν
1116 4450 1488 4530 ἩΛὸωνιν
1984 4549 2057 4627 G
2082 4557 2131 4628 ²
