3275 5317
865 473 1433 550 vavsnau
1476 474 1915 544 οιιιιιοιε.
2099 522 2102 525 .
2392 480 2520 547 177

43 593 70 704 ἶ·
280 638 425 734 tam
474 638 559 733 is,
612 637 723 737 qui
786 636 1136 738 descripsit
1210 636 1612 738 epigramma
1674 638 1863 713 vane
1930 645 2077 720 aut
2108 640 2516 738 negligenter

43 767 46 816 5
278 750 390 816 aut
435 742 762 841 imperite.
876 741 1007 815 Est
1056 741 1232 815 enim
1294 741 1885 838 elegantissimum,
1936 741 2131 817 modo
2197 745 2514 820 tollantur

277 845 543 934 menda.
597 844 773 943 quod
818 845 1115 944 profecto
1166 869 1301 917 non
1349 851 1452 918 est
1474 842 1888 943 perdifficile,
1938 845 2105 944 ipso
2112 846 2287 921 viam
2320 873 2514 925 mon-

276 955 525 1023 strante
561 955 958 1045 argumento
1010 947 1344 1022 carminis.

475 1099 632 1178 Σοι
692 1097 942 1177 πλάκα
990 1096 1214 1198 τήνδ’
1290 1099 1662 1196 ἀνέθηκα,
1731 1095 1917 1210 κόρη
1984 1100 2168 1188 Διὸς
2228 1099 2333 1179 νδ
2333 1100 2512 1181 ατο-

573 1305 773 1411 πηγὴ
813 1334 1213 1438 νυμῳαων
1264 1225 1817 1439 ἄφθιτεεσῖνοὲμα
1870 1304 2121 1407 φίλον,
2176 1383 2179 1394 ‚

474 1412 678 1489 ἔνθα
726 1406 964 1487 πάλαι
1007 1412 1358 1541 βασιλῆες
1409 1406 1557 1488 ἀπὸ
1611 1409 2008 1510 πτολέμοιο
2059 1408 2431 1542 καμόντες

577 1515 793 1644 ἔγχεα
843 1513 973 1590 καὶ
1021 1509 1367 1645 κόρυθας
1415 1508 1811 1590 κάτθεσαν
1861 1510 2352 1615 ἱππολόφους.
2484 1577 2516 1608 4,

468 1619 553 1703 ἐξ
601 1610 694 1693 οὗ
744 1615 842 1714 δὴ
893 1613 1361 1717 Δοούκαμνα
1406 1616 1570 1702 τὲος
1621 1613 1848 1714 λάχεν
1893 1618 2191 1751 οὔνομα
2231 1629 2508 1722 χῶρος,

557 1728 817 1851 χῶρος
866 1718 997 1796 ὅδε
1048 1720 1267 1821 λιαρῇ
1316 1718 1773 1819 τερπόμενος
1822 1718 2105 1819 λιβαὸι.

462 1819 725 1904 πάντα
790 1821 883 1900 δέ
949 1848 1069 1901 σοι
1137 1832 1288 1902 νῦν
1351 1832 1600 1910 ταῦτα
1681 1823 2187 1927 ὃιεργατίναις
2263 1822 2509 1901 παλά-

571 2028 884 2129 τρισσὸν
932 2027 1081 2105 ὖπό
1135 1949 1991 2129 λυκᾶβανῖαἶκιέματος
2039 2031 2282 2107 τελέω.

268 2181 396 2256 Vix
454 2182 776 2259 credibile
844 2190 948 2255 est
1008 2208 1072 2255 ι.
1127 2181 1202 2255 5.
1269 2180 1593 2257 neminem
1658 2182 1729 2254 in
1797 2179 2265 2283 Δορύκαμνα
2326 2184 2506 2259 inei-

267 2284 453 2380 disse,
514 2310 716 2383 quum
764 2293 979 2359 tamen
1031 2285 1441 2385 apertissime
1490 2285 1620 2359 boe
1668 2286 1770 2359 illi
1815 2288 1967 2360 loeo
2019 2312 2260 2361 nomen
2297 2286 2503 2364 fuisse

269 2340 609 2462 osten'dant
656 2413 738 2462 ea
789 2412 955 2486 quae
1003 2389 1429 2485 praecedunt.
1533 2388 1891 2478 Tabulam,
1945 2390 2057 2488 qui
2100 2392 2324 2488 posuit
2370 2391 2501 2465 hoe

270 2493 686 2594 epigramma,
735 2491 900 2567 fonti
952 2492 1361 2566 consecravit
1410 2490 1629 2591 tepido
1643 2545 1669 2585 ,
1723 2518 1852 2591 quo
1902 2493 2059 2566 olim
2107 2493 2320 2569 fessos
2368 2518 2504 2594 pu-

268 2593 519 2691 gnando
571 2604 753 2669 artus
803 2617 996 2691 reges
1046 2604 1525 2669 recreaverant.
1577 2593 1753 2669 Nam
1799 2599 2125 2696 ἐλαιηρῆ,
2179 2597 2350 2695 quod
2375 2621 2501 2696 pro

270 2693 385 2774 ὅδε
448 2707 676 2798 λιαρῇ
750 2697 824 2772 in
881 2698 1099 2796 lapide
1151 2722 1298 2771 esse
1347 2698 1595 2790 fertur,
1662 2699 1959 2795 profecto
2024 2700 2499 2797 ineptissimum

271 2810 362 2875 est
405 2802 581 2877 fonti
630 2801 953 2874 laudando
987 2801 1476 2899 praedicatum.
1593 2797 1775 2873 Eum
1837 2802 2039 2899 igitur
2102 2802 2319 2875 locum
2384 2802 2499 2874 ille·

270 2905 527 2979 assiduo
577 2929 700 3004 per
747 2905 1093 2978 triennium
1160 2904 1385 2977 labore
1463 2902 1758 2977 eoluerat
1824 2913 1894 2976 et
1953 2904 2205 2978 fecerat
2267 2929 2498 2978 amoe-

268 3008 536 3083 niorem.

458 3109 620 3185 Non
667 3109 1080 3185 invenustum
1128 3117 1231 3184 est
1279 3109 1718 3209 epigramma,
1786 3110 1988 3211 quod⁴
2027 3137 2101 3210 p.
2155 3114 2334 3186 248.
2386 3112 2499 3185 in-

267 3236 389 3288 ser.
459 3219 694 3288 2321.
764 3238 851 3287 ex
914 3213 1168 3287 Maffeii
1223 3212 1462 3287 Museo
1512 3212 1882 3287 Veronensi
1930 3241 2002 3315 p.
2058 3220 2185 3290 61.
2250 3215 2499 3289 editum

269 3325 382 3410 est,
434 3318 553 3418 qui
600 3317 823 3391 tabula
868 3315 1072 3390 LIII.
1130 3321 1250 3391 10.
1300 3316 1650 3413 imaginem
1700 3342 1955 3417 quoque
1966 3371 1994 3413 ,
2062 3315 2174 3393 oui
2220 3319 2292 3394 hi
2339 3324 2594 3397 ver-13

269 3443 371 3493 sus
420 3421 779 3519 subscripti
829 3429 1007 3514 sunt,
1060 3419 1374 3494 exhibuit.
1426 3417 1687 3494 Sedens
1738 3422 1972 3494 mulier
2014 3419 2323 3498 valedicit
2372 3422 2498 3494 ad-

45 3597 46 3608 ,
270 3523 459 3597 stanti
509 3524 650 3598 viro
702 3524 1024 3623 prehensa
1073 3547 1306 3598 manu·
1357 3532 1434 3597 ut
1485 3524 1749 3598 solitum
1796 3525 1868 3598 in
1896 3525 2330 3601 monumentis
2377 3548 2498 3598 se-

43 3615 56 3694 Ι-
266 3627 658 3725 puleralibus
737 3627 1038 3700 sedentes
1089 3624 1272 3749 ‘fingi
1347 3626 1460 3726 qui
1536 3626 1939 3721 moriuntur,
2016 3628 2497 3732 valedicentes-

265 3753 386 3826 que
450 3730 859 3805 adstantibus
920 3731 1329 3830 propinquis.
1445 3727 1875 3829 Epigramma
1937 3757 2137 3830 quum
2199 3726 2498 3805 miserari

267 3832 553 3906 videatur
602 3842 885 3908 matrem
923 3835 1318 3932 fiatremque
1367 3841 1702 3926 mortuae,
1769 3842 1959 3933 pater
2024 3836 2495 3910 existimandus

269 3943 366 4009 est
413 3945 564 4011 ante
613 3936 794 4009 illam
843 3939 979 4011 vita
1053 3963 1200 4011 esse
1268 3938 1634 4011 defunctus.
1778 3936 2012 4036 Itaque
2081 3939 2286 4012 virum
2301 3990 2328 4031 ,
2381 3937 2495 4035 qui

269 4038 498 4133 adstat,
547 4040 816 4114 fratrem
865 4066 1012 4116 esse
1046 4049 1328 4141 oportet.
1428 4038 1901 4113 Desideramus
1949 4042 2298 4148 imaginem
2342 4064 2494 4114 ma-

267 4140 406 4215 tris.
529 4141 783 4217 Verum
853 4168 933 4217 ea
992 4146 1065 4218 in
1127 4170 1204 4221 re
1269 4170 1403 4219 non
1455 4150 1558 4218 est
1607 4143 1782 4241 quod
1835 4144 2020 4244 valde
2069 4137 2492 4238 haesitemus,

270 4267 459 4340 quum
504 4270 639 4320 non
686 4270 819 4320 una
867 4248 1144 4346 eogitari
1194 4272 1432 4323 caussa
1480 4247 1731 4348 possit,
1797 4271 1999 4345 quare
2050 4246 2293 4339 omissa
2337 4246 2492 4321 fue-

271 4344 352 4417 rit
396 4357 629 4423 mater.
731 4349 985 4424 Versus
1033 4376 1169 4426 non
1218 4361 1371 4426 sunt
1435 4376 1481 4425 a
1540 4349 1754 4449 perito
1826 4358 2026 4449 poeta
2089 4334 2292 4445 faeti,
2371 4351 2491 4424 sed

270 4454 476 4525 tamen
514 4477 639 4526 neo
705 4475 965 4526 versum
1029 4454 1499 4586 heptametrum
1515 4507 1542 4548 ,
1623 4476 1750 4528 nee
1798 4453 2090 4552 reliqua,
2169 4478 2336 4552 quae
2385 4454 2515 4528 vel.

363 4551 630 4631 Iluam.
678 4553 945 4631 01».V
2000 4557 2083 4633 M
