3275 5317
32 464 35 473 ι

32 494 35 509 Γ

32 602 35 619 Ι

892 485 1013 547 DE
1055 484 1428 549 rAnvLA
1471 486 1876 550 ToGA‘rA
2367 489 2500 557 261·
2579 458 2592 465 ⁴

262 647 688 722 tradux-ere
708 698 734 740 ,
818 614 933 718 ’ut
1019 645 1507 745 ffem'osvbres
1573 648 2041 746 frequentia
2096 630 2497 746 facerent.

260 750 654 826 Diomedem
718 749 890 823 enim
950 751 1158 824 videri
1221 750 1302 825 de
1370 752 1657 850 palliatis
1722 754 1958 837 fabulis
2020 754 2220 852 loqui.
2322 753 2501 830 Addi

256 864 545 956 poterat,
597 851 960 927 Asconium
1011 854 1231 927 dicere
1276 866 1618 928 ‘nnmerum
1642 856 1930 929 omnium
1954 858 2212 931 fabulae
2261 884 2498 959 perso-

257 983 519 1052 narum,
550 957 960 1053 „Diomedem
1010 965 1226 1030 autem
1277 982 1390 1031 eas
1439 982 1780 1056 personas,
1836 984 2002 1057 quae
2049 961 2121 1033 in
2170 986 2372 1035 scena
2401 962 2499 1034 si-

256 1062 396 1134 mul
449 1061 959 1158 conspiciantur.
1078 1058 1161 1132 Id
1222 1086 1377 1135 vero
1441 1085 1577 1135 non
1637 1070 1944 1160 putamus
2012 1065 2501 1138 concedendum

255 1189 433 1257 esse,
488 1165 662 1262 quod
710 1188 845 1236 non
891 1164 1293 1257 histrionem,
1346 1165 1462 1238 sed
1513 1150 1889 1238 saltatorem
1953 1166 2155 1239 fuisse
2203 1165 2502 1240 Neukir-

256 1269 451 1341 chius
505 1267 834 1340 existimat
874 1264 1410 1364 Stephanionem,
1464 1265 1786 1342 Suetonio
1823 1270 1895 1342 in
1932 1266 2218 1343 Octavio
2270 1295 2335 1344 c.
2368 1275 2497 1345 48.

256 1370 658 1468 togatarium
707 1370 1131 1462 nominatum,
1200 1370 1281 1442 de
1345 1395 1473 1468 quo
1522 1362 1793 1451 Plinius„
1829 1371 1923 1445 Η.
1976 1370 2069 1445 Ν.
2137 1371 2300 1446 VH.
2368 1377 2498 1447 48.

260 1476 360 1547 sic
415 1474 698 1547 scribat:
759 1470 1380 1570 Stephanionem,
1435 1473 1575 1571 qai
1599 1473 1910 1572 primus
1978 1484 2292 1568 togatus
2341 1475 2499 1551 sal.-

257 1589 439 1650 tare
502 1574 884 1669 instituit,
968 1574 1315 1674 utrisque
1377 1576 1848 1650 secularibus
1917 1577 2117 1651 ludis
2179 1578 2501 1652 saltasse

258 1691 341 1754 et
402 1677 602 1752 Davus·
656 1676 998 1772 Augusti
1048 1690 1135 1752 et
1195 1703 1379 1778 quos
1447 1680 1807 1754 Claudius
1880 1683 2164 1755 Caesar
2228 1706 2504 1756 consa-

260 1786 433 1856 lata
485 1806 620 1875 spo
673 1793 951 1880 quaa-to
983 1783 1223 1877 feeit.
1326 1783 1502 1858 Nam
1550 1810 1763 1882 neque
1811 1785 2152 1860 Harduino
2216 1787 2502 1860 assenti-

255 1900 394 1981 tur,
451 1887 626 1985 apud
674 1886 962 1961 Plinium
1032 1897 1344 1980 togatas
1372 1958 1377 1963 ,
1408 1889 1821 1962 scribendum
1888 1889 2220 1981 censenti,
2285 1914 2500 1987 neque

261 1990 584 2088 Grysaro,
637 1989 749 2086 qui
797 1990 865 2060 in
916 1988 1193 2063 Diurnis
1245 1990 1657 2064 scholasticis
1710 2016 1775 2065 a.
1836 1995 2059 2066 1832.
2111 1990 2208 2064 Π.
2261 2017 2330 2064 ιι.
2368 1996 2499 2067 46.

255 2122 326 2193 p.
385 2098 565 2167 361.
594 2091 1062 2185 -togatoert‘us
1111 2094 1333 2167 scribi.
1360 2094 1565 2186 iubet,
1619 2095 1738 2167 sed
1764 2101 1955 2193 putat
1999 2104 2314 2188 togatus
2341 2093 2510 2166 sal«

260 2197 465 2270 tavit
510 2197 685 2268 idem
734 2219 879 2267 esse
931 2196 1105 2292 quod
1154 2195 1473 2267 saltavit
1519 2206 1856 2290 togatas.
1961 2195 2059 2272 At
2105 2223 2239 2272 non
2288 2198 2501 2272 solum

259 2299 644 2374 insolentius
692 2298 762 2369 id
812 2298 1086 2371 dixisset
1131 2296 1388 2369 Plinius
1406 2351 1428 2385 ,
1493 2325 1721 2373 verum
1786 2302 1983 2374 etiam
2030 2325 2140 2373 res
2189 2301 2338 2399 ipsa
2375 2327 2503 2387 so·-

260 2430 413 2478 cum
463 2402 736 2500 pugnat.
836 2399 1011 2473 Nam
1061 2407 1286 2497 togata
1335 2424 1502 2497 quae
1551 2404 1829 2475 saltatur
1876 2404 2038 2474 nihil
2080 2404 2257 2476 aliud
2308 2390 2501 2502 qiiam

259 2505 634 2606 planipedia
682 2511 882 2596 esset,
934 2528 1059 2576 nec
1109 2504 1241 2574 iam
1289 2511 1475 2577 recte
1536 2512 1765 2601 togata
1830 2514 2198 2581 vocaretur.
2316 2505 2549 2604 Gry„

258 2611 396 2683 sari
445 2633 602 2682 vero
652 2606 818 2678 haec
871 2607 1089 2704 opinio
1145 2615 1285 2698 est,
1351 2607 1583 2678 mimos
1651 2608 1977 2682 interdum
2040 2610 2112 2682 in
2161 2609 2323 2711 ipsis
2377 2636 2500 2684 co-

258 2712 535 2787 moediis
587 2709 826 2806 egisse,
878 2710 996 2781 sed
1042 2716 1267 2784 tamen
1309 2733 1570 2780 rursum
1632 2710 1956 2783 invertere
2013 2735 2156 2784 rem
2221 2712 2497 2807 videtur,

258 2841 460 2914 quum
513 2813 715 2905 addit,
767 2809 1280 2909 Stephanionem
1328 2812 1610 2909 primum
1658 2812 1862 2885 fuisse
1878 2863 1904 2905 ,
1975 2814 2087 2911 qui
2137 2839 2334 2912 quum
2385 2840 2500 2888 es-

260 2928 362 2993 set
413 2917 646 2990 histrio
698 2915 1074 2988 comoediae
1126 2922 1388 3012 togatae
1402 2967 1427 3008 ,
1494 2914 1690 2987 etiam
1739 2917 1808 2987 in
1874 2917 2072 2990 mimo
2140 2917 2498 2995 saltaverit.
2602 2980 2609 2985 .

260 3021 404 3096 Sed
460 3020 586 3093 etsi
635 3043 768 3091 non
811 3018 983 3091 male
1034 3018 1318 3091 coniecit
1369 3016 1811 3111 togatarias
1859 3019 2272 3093 scribendum
2324 3045 2496 3113 esse,

260 3135 486 3198 tamen
534 3122 714 3197 nulla
763 3124 1118 3195 mutatione
1170 3130 1334 3218 opus
1383 3122 1661 3195 videtur.
1764 3121 1939 3223 Nam
1989 3148 2148 3196 sane
2200 3148 2498 3197 commu-

262 3229 363 3300 nis
408 3242 604 3318 usus,
660 3249 787 3323 quo
839 3225 1079 3298 saltare
1130 3225 1277 3322 quis
1330 3225 1591 3318 dicitur,
1647 3225 1846 3299 etiam
1894 3234 1971 3299 ut
2018 3227 2286 3301 mimum
2335 3251 2500 3326 pro-

261 3332 463 3404 diisse
539 3326 1054 3426 Stephanionem
1129 3328 1311 3401 credi
1375 3330 1665 3426 postulat
1678 3384 1704 3417 ,
1790 3331 2132 3430 potuitque
2210 3331 2281 3403 id
2356 3329 2500 3403 fieri

263 3435 433 3508 inter
486 3440 674 3505 actus
726 3431 1127 3523 comoediae,
1180 3432 1241 3503 si
1289 3456 1515 3505 verum
1566 3440 1693 3525 est,
1748 3434 1922 3531 quod
1972 3458 2175 3532 supra
2225 3433 2307 3506 de
2356 3431 2500 3505 Fe·
2639 3446 2640 3449 ’

263 3538 347 3610 sti
398 3537 472 3608 in
524 3533 925 3607 orchestra
974 3534 1188 3607 verbis
1239 3535 1520 3607 diximus
1546 3561 1569 3607 ε
1621 3537 1738 3608 sed
1787 3545 2006 3609 tamen
2068 3537 2139 3608 id
2185 3560 2321 3610 non
2367 3536 2499 3607 im-

263 3639 472 3738 pedit,
526 3640 683 3736 quin
732 3636 1094 3736 Stephanio
1144 3638 1393 3734 primus
1443 3639 1667 3731 fuerit,
1720 3639 1833 3736 qni
1883 3640 1953 3710 in
2001 3639 2198 3729 mimo
2227 3663 2358 3736 pro.
2400 3639 2501 3710 ri-

265 3744 437 3816 cinio
491 3750 714 3855 togam
761 3749 1069 3837 gestaret.
1175 3739 1260 3814 Si
1307 3742 1437 3813 iam
1487 3739 1697 3814 Iulius
1731 3742 1980 3815 Caesar
2021 3742 2303 3841 equitem
2351 3740 2501 3835 Ro·-

265 3871 552 3941 manum,
603 3843 990 3937 Laberium,
1059 3868 1296 3942 cogere
1345 3845 1559 3941 potuit
1572 3896 1598 3936 ,
1668 3853 1740 3917 ut
1786 3846 1859 3916 in
1919 3846 2117 3919 mimo
2181 3845 2498 3944 prodiret,
2547 3880 2556 3889 ·

265 3973 392 4022 non
446 3957 551 4020 est
617 3948 789 4047 quod
853 3949 1160 4019 miremur
1220 3947 1428 4044 magis
1490 3947 1818 4045 corruptis
1883 3949 2170 4023 moribus
2227 3949 2502 4020 'mimum

269 4053 465 4124 etiam
514 4051 586 4123 in
633 4059 792 4147 toga
841 4050 1207 4124 saltavisse.
1328 4142 1335 4148 ἱ

473 4153 671 4246 Quod
718 4152 1040 4226 Naevium
1087 4152 1528 4227 Neukirchius
1577 4149 1767 4251 putat
1813 4154 2001 4228 initio
2055 4152 2337 4228 Graecis
2386 4178 2502 4225 ar—

271 4258 592 4353 gumentis
642 4282 750 4329 res
799 4257 1134 4331 Romanas
1186 4257 1610 4330 admiscuisse
1626 4310 1652 4351 ,
1718 4265 1913 4355 atque
1974 4257 2071 4330 ita
2136 4282 2215 4330 eo
2264 4281 2504 4354 perve-

274 4362 447 4435 nisse
462 4413 489 4459 ,
559 4368 635 4433 ut
686 4359 916 4436 deinde
988 4359 1249 4457 penitus
1325 4361 1626 4459 Romana
1692 4368 2074 4457 argumenta
2139 4368 2500 4451 tractaret,
2602 4440 2607 4444 ⁴

274 4488 400 4536 non
478 4464 732 4537 videtur
821 4463 956 4535 ulla
1031 4463 1350 4561 probabili
1433 4464 1686 4537 ratione
1768 4464 2196 4538 demonstrari
2282 4488 2501 4561 posse.
