3275 5317
906 464 1026 525 nE
1069 464 1446 551 FABVLA
1489 464 1883 556 ToGATA
2388 465 2519 533 2⁵5

285 625 523 723 mpes,
575 622 850 696 histrio
919 623 1014 696 de
1079 621 1457 697 comoedis
1522 635 1743 700 autem
1812 625 2230 703 comoedus.
2333 628 2520 707 Sane

284 729 544 824 quidem
594 729 807 826 primo
859 728 1176 827 adspectu
1227 729 1444 802 dicere
1496 729 1800 803 debuisse
1850 731 2108 807 videtur
2155 729 2518 826 Ausonius,

281 856 406 904 nec
457 832 726 904 mimum
777 856 849 904 se
900 856 1046 904 esse
1096 857 1307 931 neque
1356 833 1761 926 histrionem,
1813 833 1862 908 i.
1916 859 1978 907 e.
2034 835 2194 907 artis
2219 837 2522 911 scenicae

264 935 475 1033 ,plane
525 935 933 1032 imperitum:
988 935 1106 1007 sed
1155 935 1565 1009 considerata
1614 937 1815 1009 totius
1865 937 2042 1010 illius
2096 938 2230 1010 loci
2271 940 2524 1013 ratione

167 1086 177 1101 ·
278 1039 477 1111 facile
531 1045 806 1136 apparet
853 1039 980 1110 hoc
1033 1062 1183 1110 eum
1231 1040 1487 1111 dicere:
1542 1048 1626 1111 et
1670 1064 1767 1110 ne
1821 1038 1912 1137 de
1964 1040 2193 1112 mimo
2223 1040 2527 1139 quidem

272 1139 654 1237 plam’peS,
724 1151 872 1212 aut
931 1139 1024 1212 de
1078 1140 1470 1212 comoedia
1519 1140 1796 1214 histrio
1831 1166 2033 1215 sum.
2014 1171 2035 1189 ·
2116 1144 2167 1216 i.
2235 1169 2298 1217 e.
2350 1146 2525 1218 inter

278 1245 514 1316 mimos
563 1267 698 1316 non
747 1243 1135 1342 planipedis,
1186 1246 1359 1318 inter
1409 1246 1757 1319 comoedos
1808 1271 1940 1320 non
1989 1247 2321 1319 histrionis
2369 1247 2526 1322 loco

282 1371 611 1419 numeror.
717 1345 909 1419 Nam·
943 1345 1218 1418 humo
1269 1349 1463 1421 vilior
1513 1350 1865 1447 appellatio
1915 1349 2062 1423 fuit.
2166 1348 2344 1424 Hinc
2397 1349 2525 1424 ci-

281 1472 439 1523 cero
490 1474 611 1549 pro
664 1446 916 1523 Roscio
970 1452 1283 1524 comoedo
1336 1476 1400 1525 (5.
1460 1455 1578 1525 10.
1634 1472 1736 1523 eat
1778 1451 2103 1551 pessimo
2145 1450 2522 1524 husto-ione
2574 1531 2579 1535 ,

282 1551 562 1623 bonum
612 1551 1053 1624 comoedum
1081 1554 1290 1644 fieri
1317 1577 1545 1653 posse
1580 1556 1789 1648 dixit,
1844 1563 1912 1629 et'
1962 1582 2026 1629 c.
2088 1561 2207 1628 ll.
2261 1556 2400 1655 qui
2428 1580 2528 1628 ne

280 1680 364 1726 m
415 1654 844 1742 novissimos
897 1656 1200 1755 qm‘dem
1251 1668 1434 1730 erat
1477 1656 2004 1752 Ιιίετνὼποόαε,
2083 1657 2195 1729 ad
2228 1681 2529 1781 prunos

275 1757 639 1856 pervem‘t
682 1760 1102 1835 comoedos.

486 1858 643 1936 Non
693 1864 900 1960 magis
953 1863 1440 1939 concedendum
1488 1864 1769 1957 videtur,
1823 1858 2030 1963 quod
2045 1889 2118 1962 p.
2178 1869 2300 1938 13.
2365 1865 2529 1941 dicit

281 1963 748 2053 Neukirohius·,
803 1991 888 2039 ex
938 1965 1142 2040 Attae
1191 1991 1387 2040 versu
1433 1968 1505 2038 in
1554 1965 1908 2061 Aedilicia,
2233 2018 2242 2029 ι

489 2116 817 2197 datwn'n
869 2118 1053 2192 estus
1105 2144 1417 2191 mua-um
1401 2119 1437 2173 ’δ’
1489 2117 1838 2191 exsultat
1869 2116 2255 2218 planipes,

282 2296 625 2371 apparere,
694 2272 1076 2371 planipedes
1143 2271 1491 2369 antiquiori
1552 2279 1846 2393 tempore
1913 2274 2110 2347 etiam
2172 2274 2244 2346 in
2289 2273 2531 2348 fabulis

281 2378 524 2473 togatis
575 2376 918 2495 prodiisse.
971 2373 1145 2447 Nam
1196 2376 1306 2449 hic
1357 2400 1609 2467 versus,
1662 2377 1734 2446 in
1786 2401 1915 2473 quo
1944 2378 2169 2451 nescio
2222 2402 2308 2449 an
2351 2377 2532 2452 scri·-

278 2479 560 2552 bendum
613 2479 699 2551 sit
750 2475 1028 2550 daturi
1070 2477 1148 2549 ei
1192 2477 1373 2550 estis
1440 2502 1723 2550 aarum
1738 2530 1764 2572 ,
1834 2481 1963 2553 alio
2028 2488 2328 2578 spectare
2398 2506 2529 2578 po·-

281 2583 442 2656 tuit:
499 2589 605 2674 et,
660 2582 719 2652 si
769 2590 872 2655 est
923 2581 1008 2653 ad
1055 2582 1468 2680 planipedem
1519 2582 1590 2653 in
1640 2590 1865 2676 togata
1904 2583 2310 2677 referendus,
2362 2583 2531 2657 llaec

280 2684 647 2783 planipedis
696 2685 1096 2757 introductio
1146 2709 1278 2757 non
1331 2683 1417 2755 ad
1465 2685 1677 2782 ipsam
1705 2685 1990 2757 fabulam
2027 2693 2317 2781 togatam
2365 2710 2529 2784 per-

282 2790 556 2880 tinebat,
610 2788 727 2860 sed
777 2788 1103 2860 ludicrum
1156 2796 1299 2860 erat
1346 2788 1520 2858 inter
1570 2795 1759 2859 actus
1809 2787 2151 2860 insertum.

490 2889 572 2963 In
623 2891 800 2963 omni
848 2891 976 2963 hac
1028 2888 1462 2988 disputatione
1475 2940 1501 2982 ,
1580 2912 1747 2986 quae
1799 2896 1902 2961 est
1952 2890 2033 2963 de
2083 2888 2330 2969 fabulis.
2370 2914 2530 2963 sce-

280 2995 449 3068 nicis
502 2993 979 3086 Romanorum,
1031 2993 1403 3064 meminisse
1468 2999 1765 3090 oportet,
1836 3015 1971 3064 non
2033 2992 2310 3065 multum
2371 2991 2527 3066 fidei

281 3097 510 3170 haberi
559 3119 755 3195 posse
807 3095 1195 3168 testimoniis
1245 3096 1842 3190 grammaticorum.
1948 3092 2121 3168 Nam
2168 3096 2411 3193 partim
2431 3120 2528 3169 ex

285 3198 570 3274 Graecis
621 3199 1064 3296 grammaticis
1111 3198 1470 3270 hauserunt
1519 3221 1600 3270 ea
1650 3222 1817 3294 quae
1863 3197 2165 3290 afferunt,
2221 3195 2530 3292 Graeca-

285 3328 409 3401 que
461 3303 868 3384 miscuerunt
915 3301 1260 3394 RomaniS,
1309 3301 1549 3398 partim
1597 3324 1869 3398 prorsus
1935 3325 2067 3373 non
2117 3302 2291 3374 iusto
2319 3303 2530 3375 ordi-

284 3431 365 3479 ne
416 3430 547 3478 nec
595 3413 779 3478 recte
830 3404 1275 3477 discernentes
1328 3428 1494 3500 quae
1542 3404 1786 3476 tradita
1827 3404 2242 3478 inveniebant
2291 3405 2529 3478 confu-

288 3510 546 3582 derunt.
670 3508 894 3600 Quare
960 3531 1093 3580 non
1156 3515 1292 3580 tam
1360 3531 1478 3599 ea,
1547 3530 1715 3604 quae
1785 3506 2091 3579 dixerunt
2103 3559 2129 3599 ,
2199 3507 2534 3604 sequenda

289 3622 464 3705 sunt,
520 3632 713 3710 quam
767 3634 936 3708 quae
985 3636 1107 3708 pro
1159 3610 1261 3682 rei
1325 3618 1561 3683 natura
1625 3609 1846 3682 dicere
1913 3611 2296 3682 debuerunt.
2416 3609 2530 3683 Ad

286 3714 450 3789 haec
502 3715 787 3807 accedit,
830 3721 916 3786 ut
961 3737 1165 3812 saepe
1213 3713 1317 3785 vel
1366 3713 1658 3812 corrupti
1672 3764 1697 3805 ,
1762 3713 1868 3785 vel
1931 3713 2345 3811 interpolati,
2398 3714 2527 3806 vel,

288 3828 362 3892 ut
409 3816 696 3909 Festus,
749 3816 920 3889 male
986 3817 1270 3914 suppleti
1338 3816 1493 3887 sint.
1612 3812 1836 3912 Atque
1899 3817 2074 3916 apud
2135 3814 2410 3890 Festum
2458 3817 2530 3889 id

289 3922 535 3994 factum
586 3929 691 3993 est
738 3920 958 3993 statim
1009 3944 1091 3992 eo
1138 3921 1314 4010 loco,
1354 3919 1481 4015 qui
1533 3927 1635 3990 est
1683 3943 1753 4017 p.
1795 3921 1914 3991 14.
1967 3919 2231 4012 allatus,
2282 3921 2353 3991 in
2403 3942 2528 3989 or-
2621 4004 2631 4011 1

292 4023 640 4095 εὔθυνα.
698 4021 1155 4118 [oo-chestre,
1211 4018 1484 4092 locus
1443 4045 1530 4092 m
1567 4043 1823 4113 scena,
1877 4021 2055 4118 quo]
2109 4031 2347 4092 antea
2398 4046 2528 4121 qm

291 4151 496 4198 nunc
544 4125 1037 4246 pla[m’pede8
1113 4124 1632 4224 appellantwr]
1702 4147 1860 4197 non
1921 4123 2530 4197 admittebantur

297 4230 759 4327 [hastrtoneg
810 4224 971 4301 πίει·
1014 4240 1322 4302 tantum
1371 4228 1762 4327 wewam
1782 4226 1965 4300 dum
2008 4226 2348 4323 fabulae
2397 4253 2530 4301 ea·-

299 4333 849 4433 [plaz-mentm,
904 4356 1096 4433 quae
1149 4333 1312 4406 sine
1336 4328 1576 4435 ipsu]
1647 4332 2036 4430 explicari
2090 4354 2248 4405 non
2298 4343 2526 4432 pote-

298 4439 574 4536 ro[nt].
678 4434 930 4535 Aperte
978 4437 1198 4511 turbat
1246 4439 1354 4511 hic
1405 4436 1817 4510 histriones
1866 4437 2292 4530 vocabulum,
2345 4444 2528 4511 tota-
