3275 5317
776 472 907 546 ιω
1277 551 1292 557 ,
1558 471 1684 534 DE
1725 471 2204 570 AescnYm
2282 531 2285 536 .

774 634 1223 713 certissimum·
1255 632 1536 728 videtur,
1585 633 1975 709 sententiam
2023 633 2356 710 contineat
2405 658 2549 709 eam
2563 685 2593 730 ,
2648 634 2764 708 cui
2812 642 2996 709 tuen-

668 740 894 823 22dae
957 740 1233 811 alterum
1295 737 1564 811 inservit
1578 763 1601 810 2
1666 738 1805 811 veri
1869 738 2265 811 simillimum
2334 746 2438 812 est
2501 746 2857 838 utrumque
2919 763 2998 812 ex

768 843 997 917 eodem
1044 840 1296 912 Priami
1344 865 1497 913 cum
1542 837 1809 916 Achille
1857 841 2181 939 colloquio
2234 865 2381 913 esse
2410 841 2826 939 decerptum.
2873 840 3000 915 Di-

785 948 880 1021 cit
927 945 1129 1041 igitur
1174 939 1516 1038 Priamns‚'
1555 944 1982 1044 praecipitem
2042 940 2324 1018 Achillis
2391 944 2716 1019 ferociam
2779 968 3001 1043 repre-

764 1048 1053 1124 hendens
1069 1073 1093 1119 ε

968 1200 1063 1277 οὐ
1105 1198 1255 1298 χρὴ
1306 1193 1612 1293 ποδώκη
1664 1196 1805 1274 τὸν
1850 1194 2140 1296 τρόπον
2191 1180 2365 1275 λίαν
2414 1204 2726 1298 φορεῖν·

973 1302 1279 1403 σφαλεὶς
1327 1302 1511 1406 γὰρ
1531 1300 1779 1386 οὐδεὶς
1830 1298 1914 1377 εὗ
1963 1304 2527 1401 βεβουλεῦσθαι
2578 1301 2816 1378 δοκεῖ.

762 1456 954 1531 Haec
1020 1455 1193 1529 enim
1256 1463 1333 1527 ut
1393 1450 1710 1551 Aeschyli
1787 1479 1934 1529 esse
1998 1479 2381 1554 persuasum
2444 1455 2725 1528 habeam
2740 1507 2768 1550 ,
2852 1452 3003 1527 facit

621 1603 624 1606 ·
765 1555 1101 1654 ποδώκη,
1154 1558 1424 1631 verbum
1472 1557 1661 1631 valde
1710 1558 2056 1656 probatum
2103 1556 2472 1656 Aeschylo·
2545 1559 2631 1632 de
2686 1583 2818 1656 quo
2874 1555 3004 1628 dixi

763 1664 836 1737 in
889 1662 1341 1735 dissertatione
1384 1660 1465 1733 de
1505 1659 1984 1759 Heliadibusp
1988 1665 2163 1735 ..14
2219 1659 2514 1759 (Opusc.
2567 1662 2706 1736 vol.
2758 1655 2889 1733 111.
2934 1684 2999 1757 p.
3073 1714 3078 1718 -

771 1767 978 1862 140.)
1122 1761 1234 1836 Ad
1308 1763 1474 1838 haec
1561 1786 1761 1861 quum
1844 1764 2095 1838 duobus
2183 1766 2478 1839 versibus
2555 1763 3002 1864 respondisset
3058 1851 3065 1862 ι

764 1866 1089 1962 Achilles,
1140 1891 1403 1939 rursum
1453 1866 1799 1940 Priamus:

971 2019 1059 2097 τὸ
1112 2019 1193 2097 δ’
1250 2018 1409 2096 ὠκὺ
1458 2026 1684 2096 τοῦτο
1737 2020 1867 2096 καὶ
1914 2021 2002 2096 τὸ
2059 2020 2436 2121 λαιψηρὸν
2485 2030 2803 2153 φρενῶν

970 2131 1074 2209 εἷς
1123 2121 1467 2222 πημονας
1515 2127 1805 2220 καθῆκε
1856 2123 2094 2201 πολλοὶ
2144 2124 2239 2222 δὴ
2290 2122 2642 2224 βροτούς.

766 2278 1007 2352 Trine-
1076 2284 1145 2350 et
1208 2276 1381 2351 Mss.
1449 2277 1700 2374 aliquot
1761 2275 2056 2351 Schowii
2120 2285 2223 2363 εἰς
2290 2304 2443 2376 συμ
2385 2277 2718 2410 μφοραν
2777 2272 2997 2352 καθί-

766 2406 983 2476 στησι
1033 2375 1335 2474 πολλήν.
1435 2377 1628 2452 Vnus
1683 2386 1785 2464 εἷς
1831 2380 1931 2477 ηδ
1932 2381 2113 2466 ονας
2163 2386 2449 2477 καθῆκε
2476 2377 2763 2457 πολλά.
2809 2377 2994 2452 Vnde

764 2483 1113 2557 Schowius
1180 2487 1283 2566 εἰς
1350 2482 1763 2581 συμφορὰν
1831 2485 2120 2579 καθῆκε
2183 2485 2417 2561 πολλὰ
2487 2484 2731 2577 edidit,
2798 2504 2994 2580 eoque

763 2587 959 2660 modo
1013 2586 1209 2658 etiam
1260 2584 1608 2657 Dobraeus
1659 2586 1731 2658 in
1783 2583 2082 2659 Addend.
2121 2585 2463 2686 Aristoph.
2517 2613 2586 2686 p.
2630 2592 2801 2661 136.
2832 2584 2994 2658 scri-

764 2689 1043 2763 bendum
1096 2688 1375 2761 censuit.
1477 2686 1633 2761 Non
1683 2692 2155 2763 contemnenda
2202 2716 2358 2764 vero
2412 2693 2556 2763 erat
2608 2690 2860 2764 codicis
2908 2686 2992 2756 il-

764 2793 893 2865 lius
945 2792 1275 2889 scriptura
1323 2789 1630 2887 ἡδονας,
1682 2794 1751 2865 in
1804 2818 1934 2892 qna
1982 2794 2144 2867 latet
2208 2794 2469 2891 gravius
2542 2794 2809 2866 verbum
2858 2818 2991 2882 πη-

762 2892 1029 2994 μονοίς.
1130 2894 1575 2969 Numerantur
1622 2897 1692 2969 hi
1745 2896 1871 2970 duo
1922 2897 2200 2970 trimetri
2249 2904 2551 2970 octavum
2599 2896 2990 2969 incertorum

762 3000 1268 3095 fragmentorum
1316 2995 1682 3097 Euripidis,
1749 3000 1862 3072 ubi
1908 2999 2231 3073 Matthiae
2296 3000 2633 3073 adnotavit
2699 2995 2990 3072 Valcke-

765 3104 951 3175 nario
1005 3126 1118 3175 eos
1171 3099 1526 3198 Sophoclis
1575 3106 1751 3176 visos
1803 3127 1973 3175 esse.

969 3201 1247 3302 Aliquas
1295 3204 1367 3273 in
1414 3202 1540 3278 hac
1588 3205 1926 3302 tragoedia
1976 3205 2174 3278 etiam
2221 3202 2727 3279 Andromachae
2774 3206 2988 3300 partes

764 3307 993 3399 fuisse,
1047 3314 1228 3379 certo
1281 3313 1539 3380 constat
1586 3308 2000 3381 testimonio.
2069 3308 2186 3381 sed
2252 3333 2333 3381 ea
2393 3316 2612 3382 utrum
2663 3330 2798 3380 una
2848 3324 2987 3376 cum

764 3410 1032 3482 Priamo
1085 3415 1339 3481 oratum
1389 3409 1473 3482 ad
1522 3407 1849 3483 Achillem
1898 3410 2189 3505 venerit,
2256 3435 2343 3483 an
2402 3412 2632 3484 ultima
2680 3433 2836 3509 pars
2884 3406 2985 3477 fa-

764 3513 957 3586 bulae
1008 3513 1264 3586 Troiae
1312 3518 1464 3584 acta
1511 3513 1637 3605 sit,
1688 3513 1930 3587 reduce
1979 3514 2138 3588 illuc
2178 3514 2445 3588 Priamo
2463 3567 2487 3607 ‚
2556 3515 2806 3587 nullum
2866 3508 2985 3579 ha-

761 3617 990 3689 bemus
1038 3615 1375 3688 indicium.
1437 3613 1879 3715 Aptissimus
1930 3625 2110 3691 certe
2159 3618 2376 3691 luctus
2416 3618 2861 3691 Troianorum
2887 3615 2984 3682 est

766 3719 1197 3793 conclusioni.
1299 3715 1618 3792 Scholion
1671 3728 1887 3795 exstat
1936 3722 2021 3793 ad
2067 3720 2322 3793 initium
2347 3719 2687 3819 Euripidis
2717 3714 2984 3791 Andro-
3082 3745 3087 3748 ·

765 3822 1061 3915 machae,
1114 3820 1215 3895 sic
1266 3821 1814 3928 scriptum-1521!
1865 3827 1947 3901 εν
1989 3824 2194 3924 Ἀσίᾳ
2244 3826 2432 3926 λεγει
2472 3818 2980 3906 Ὑποπλᾶκιον)

762 3919 850 4022 ἧς
893 3924 1199 4003 Ἠετίων
1252 3921 1773 4024 ἐβασίλευσεν,
1827 3929 2023 4005 ε’νθα
2087 3927 2216 4003 καὶ
2276 3928 2419 4023 τὴν
2478 3924 2802 4028 Χρύσην
2859 3913 2981 3995 καὶ

762 4030 905 4126 τὴν
929 4027 1418 4158 Λυρνησσὸν
1467 4033 1551 4107 ἐν
1601 4039 1711 4130 τῷ
1758 4040 1890 4129 τῆς
1946 4028 2195 4130 Θήβης
2245 4030 2480 4131 πεδίῳ
2544 4029 2975 4109 τάσσουσιν»

766 4133 868 4219 ὥς
931 4134 972 4210 ὖ
1037 4128 1414 4229 Αἰσχύλος
1479 4135 2041 4234 Λυρνησσιδ
2055 4165 2105 4210 α
2181 4132 2810 4267 προςαγορεύσας
2843 4124 2976 4221 τὴν

757 4233 1300 4368 Ἀνδρομάχην
1351 4241 1434 4313 ἐν
1482 4244 1640 4322 τοῖς
1694 4241 2028 4335 Φρυξίν·
2086 4240 2281 4313 ἔνθα
2331 4240 2461 4314 καὶ
2506 4241 2732 4325 ξενως
2782 4238 2974 4311 ἱστο-
3040 4266 3044 4270 ·

765 4346 884 4440 ρεῖ
935 4340 1495 4441 Ἀνδραίμονος
1573 4340 1852 4440 αὐτήν,
1940 4343 2213 4444 λέγων·
2285 4342 2975 4443 Ἀνδραίμονος

735 4444 1222 4551 ’γενελθον
1290 4446 1909 4548 Λυρνησσίοι
1976 4449 2208 4525 ὅθεν
2274 4449 2482 4549 παρ’
2529 4447 2970 4574 ’Έκτορος
