3275 5317
1024 473 1099 533 G.
1144 473 1222 534 Η.
1262 470 1794 536 BRANDESII
2414 474 2551 541 335

307 636 652 759 praevisis
675 642 794 718 ant
836 640 1021 708 recte
1067 633 1470 733 ponderatis,
1521 633 1718 708 modo
1769 632 1965 708 etiam
2011 635 2288 709 seculi
2265 661 2338 711 ιιι
2384 663 2549 737 pra-

307 773 394 821 va
438 741 692 817 ruentis
737 740 989 836 impetn
1037 739 1128 811 ad
1172 738 1604 811 resistendum
1654 738 1985 812 excitante
1998 791 2026 832 ,
2078 763 2278 837 quum
2324 740 2549 815 inver-
2649 786 2659 802 ·

309 877 393 925 so
438 845 678 920 veteris
729 842 1114 939 disciplinae
1164 842 1389 914 ordine
1453 842 1523 913 in
1576 841 1837 915 scholas
1899 842 2271 939 immigrare
2323 844 2553 918 videa-

309 977 462 1026 *
506 945 2103 1145 srmfflffimw:
2134 947 2567 1126 uam
2618 947 2624 954 ’

307 1077 580 1232 ms
626 1151 1026 1226 Academias
1074 1152 1350 1249 deprimi
1395 1153 1465 1223 in
1502 1100 1947 1225 ‹zo-&ionem
1967 1152 2373 1248 scholarum,
2417 1177 2552 1228 non

157 1253 161 1260 ’
309 1262 514 1334 dubio
575 1257 961 1330 detrimento
1027 1254 1392 1327 liberalium
1454 1254 1881 1332 studiorum
1852 1280 1881 1299 ⁹
1955 1256 2279 1353 siquidem
2352 1258 2557 1331 et'mnr·

308 1366 432 1463 qui
473 1363 718 1435 docent
761 1360 873 1459 in
835 1355 1250 1431 Academ‘a
1311 1358 1570 1431 litteras
1621 1358 1812 1431 inuti
1862 1365 1935 1431 et
1995 1382 2231 1456 segnes
2297 1360 2555 1436 faciunt

309 1419 1996 1583 qnffieuiiqipn'peroe,sedprostnetn,
2065 1486 2297 1561 quen
2320 1464 2557 1538 emitas

309 1596 400 1643 ex
448 1595 532 1643 eo
579 1566 946 1667 pereipiat,
989 1565 1282 1663 pretium
1321 1564 1528 1639 statui
1571 1564 2113 1642 annotatum.

516 1773 606 1847 Ῑιι
649 1775 776 1848 hac
827 1772 1035 1869 igit-r
1090 1770 1518 1845 fluctuatione
1581 1794 1895 1846 novarum
1956 1770 2433 1846 institutionum
2483 1782 2563 1847 et

308 1873 438 1954 hoc
488 1879 680 1951 huius
733 1877 878 1950 aevi
939 1876 1098 1949 nisu
1137 1877 1236 1948 ia
1295 1874 1580 1973 praefi?
1642 1873 2043 1950 Academiae
2120 1874 2559 1971 Brandesins,

307 1991 386 2056 nt
447 1983 576 2055 hoc
620 1979 1131 2072 sollicitudinis,
1202 1978 1445 2051 laboris
1461 2030 1487 2070 ,
1554 2002 2006 2051 aerumnarum
2022 2031 2048 2071 ,
2118 1981 2552 2074 aegrimoniae

307 2087 574 2186 plenum
623 2108 858 2155 munus
908 2107 1039 2155 non
1088 2081 1301 2154 solum
1350 2081 1702 2154 sustineret
1749 2081 2273 2155 constantissime
2321 2082 2553 2156 fortis-

311 2192 627 2286 simeque,
681 2186 797 2259 sed
851 2186 1045 2259 etiam
1098 2184 1462 2256 admirabili
1509 2185 1858 2283 prudentia
1923 2185 2209 2257 salutare
2275 2183 2550 2259 Acade-

308 2294 480 2365 miae
532 2296 922 2388 praestaret.
1024 2286 1208 2360 Nihil
1255 2287 1738 2360 inconsiderate
1754 2338 1781 2380 ,
1832 2287 1993 2359 nihil
2059 2287 2295 2384 cupide
2311 2339 2338 2380 ,
2389 2289 2551 2360 nihil

309 2394 625 2468 iracunde
691 2392 965 2488 agebat3
1036 2414 1290 2463 summa
1351 2390 1818 2500 tranquillitate
1883 2390 2085 2463 animi
2146 2392 2553 2489 ponderabat

313 2497 568 2586 omnia3
624 2503 821 2593 capta
870 2494 1155 2591 cogitate
1204 2494 1481 2566 consilia
1545 2517 1627 2564 ea
1688 2491 1995 2566 firmitate
2046 2495 2548 2592 exsequebatur,
2670 2539 2673 2544 >

311 2625 482 2699 quae
536 2599 705 2697 quod
754 2599 1105 2695 asperitate
1171 2598 1348 2674 omni
1410 2619 1622 2669 vacua
1698 2604 1881 2689 erat,
1958 2598 2100 2671 sine
2168 2597 2552 2696 cuiusquam

311 2705 565 2777 offensu
617 2701 920 2774 effectum
971 2699 1166 2771 dabat
1211 2699 1319 2791 id,
1387 2699 1560 2796 quod
1625 2706 1770 2770 erat
1825 2701 2258 2796 propositum.
2363 2701 2552 2794 Quae

314 2786 591 2879 adversa
643 2812 837 2900 atque
886 2802 1146 2898 ingrata
1194 2802 1607 2893 acciderent,
1680 2803 1972 2899 quamvis
2024 2826 2173 2874 eum
2222 2826 2356 2876 non
2405 2829 2554 2876 me-

314 2909 525 2982 diocri
590 2907 814 2980 dolore
882 2913 952 2978 et
1014 2928 1176 2978 cura
1251 2902 1627 2996 afficerent,
1710 2912 1930 2978 tamen
1994 2905 2090 2977 ita
2156 2906 2549 3003 accipiebat,

313 3020 391 3086 ut
437 3036 523 3084 ne
588 3009 923 3081 minimum
987 3007 1248 3105 quidem
1314 3015 1675 3080 commotus
1737 3005 2097 3080 videretur.
2162 3009 2434 3107 provide
2484 3019 2554 3084 et

316 3122 511 3189 caute
563 3119 857 3185 avertere
904 3112 1126 3208 potius
1177 3110 1375 3202 mala,
1429 3134 1622 3207 quam
1674 3109 1916 3182 acriter
1964 3117 2159 3208 atque
2188 3112 2552 3209 impetuose
2661 3161 2671 3182 ,

314 3215 679 3291 resistendo
711 3238 991 3311 augere3
1041 3213 1279 3287 leniter
1309 3212 1697 3310 placideque
1724 3213 2043 3287 monendo
2073 3214 2372 3310 mitigare
2421 3240 2553 3314 po-

315 3321 453 3394 tius
480 3320 754 3411 animos,
782 3341 974 3437 quam
991 3341 1375 3414 quemquam
1402 3316 1755 3389 incendere
1780 3316 2105 3409 studebat,
2139 3340 2220 3389 ea
2243 3318 2551 3415 suadens,

318 3448 486 3522 quae
537 3422 708 3520 quod
760 3421 1149 3515 aequissima
1198 3424 1419 3493 essent
1480 3418 1789 3492 facillime
1854 3419 2343 3494 satisfaciebant
2406 3444 2556 3496 om·-·
2636 3513 2639 3516 Β

315 3527 507 3599 nibus
522 3577 549 3619 ,
613 3524 1115 3623 planissimeque
1179 3547 1321 3595 rem
1385 3522 1472 3595 ad
1536 3523 1785 3595 exitum
1864 3521 2330 3620 perducebant.
2445 3523 2555 3601 Ita

319 3629 596 3704 cedebat
643 3653 774 3701 non
825 3635 1092 3724 gravate
1139 3625 1457 3700 voluntati
1507 3626 1750 3723 optime
1802 3626 2200 3723 cupientium
2262 3626 2553 3701 Vniver-

235 3779 242 3786 ·
320 3733 502 3807 sitati
551 3740 814 3804 nostrae
864 3754 1261 3804 summorum
1309 3730 1597 3802 virorum
1614 3780 1643 3821 ,
1710 3754 1984 3827 quorum
2034 3753 2337 3826 supremo
2389 3731 2554 3804 suh-

319 3836 477 3909 iecti
528 3858 752 3908 sumus
803 3833 1113 3923 arbitrio;
1182 3832 1302 3905 sed
1360 3830 1534 3904 idem
1583 3832 1889 3904 tuebatur
1955 3832 2152 3904 etiam
2203 3841 2273 3906 et
2322 3834 2553 3908 defen—

321 3939 517 4011 debat
565 3938 878 4010 honorem
942 3934 1341 4009 Academiae
1354 3986 1379 4027 ,
1433 3934 1812 4030 dignitatem
1864 3935 2160 4006 ordinum
2174 3987 2200 4027 ,
2251 3936 2397 4009 iura
2447 3936 2553 4010 ci-

322 4043 524 4134 vium,
576 4040 1032 4113 auctoritatem
1080 4038 1367 4111 muneris
1417 4038 1522 4109 sui
1572 4062 1652 4110 eo
1705 4045 1773 4109 et
1820 4037 2218 4111 fortitudinis
2287 4047 2356 4112 et
2403 4065 2554 4112 mo-

323 4144 674 4217 derationis
725 4149 1260 4239 temperamento,
1310 4147 1411 4234 ut,
1464 4140 1637 4238 quod
1688 4127 2196 4213 difficillimum
2174 4166 2245 4213 ιιι
2271 4148 2373 4215 ιοι
2398 4150 2556 4215 tan-

324 4247 537 4346 tisque
590 4244 1070 4319 discriminibus
1121 4254 1262 4339 est,
1327 4268 1461 4317 non
1528 4243 1721 4317 modo
1785 4268 1917 4317 non
1980 4244 2273 4318 laederet
2322 4269 2555 4343 quem-

325 4374 545 4448 qnam,
597 4349 718 4422 sed
767 4348 1052 4422 omnium
1101 4372 1350 4440 animos
1401 4347 1528 4422 sibi
1568 4347 1948 4422 conciliaret
1964 4398 1991 4440 ,
2042 4355 2555 4450 cunctorumque

328 4478 651 4528 consensu
700 4452 945 4552 optime
994 4451 1179 4549 fungi
1226 4451 1612 4552 magistratu
1659 4451 2083 4528 iudicaretur.
