3275 5317
783 455 924 524 ιη,
1464 450 1586 522 un
1625 425 2360 518 urlensuunss

989 611 1159 692 ἶσόν
1207 641 1327 690 τοι
1373 612 1703 694 τοκίεσσι
1758 611 2079 711 Θράσων
2118 614 2349 716 γέρας
2396 614 2665 691 ὤπασε
2714 622 2932 713 τιμᾶς

785 787 792 798 ,
956 782 966 795 ,
1099 716 1436 819 Θευγένει
1486 715 1648 793 ἄντ’
1702 717 2008 820 ἀγαθᾶς
2054 724 2279 794 τοῦτο
2331 715 2863 808 διδασκαλίας,

692 834 729 901 1
745 830 786 898 l·
986 820 1227 898 ἐσθλὰ
1276 818 1482 904 δαεὶς
1529 816 1889 905 Haimatos
1937 816 2371 921 ἀλεξητήρια
2417 816 2766 908 νούσων,

1084 924 1198 1009 οἷς
1244 921 1561 1007 πολλοὺς
1607 920 1961 1001 θανᾶτου
2012 920 2292 1021 ῥύσατο
2343 923 2474 1000 καὶ
2523 919 2918 1024 καμάτων.

969 1024 1176 1105 ,ἀλλά
1224 1056 1337 1112 τις
1363 1024 1662 1104 αἰνείτω
1689 1026 1829 1105 τὸν
1868 1027 1986 1104 ἀεὶ
2026 1024 2313 1128 χρόνον
2335 1028 2576 1128 ἀνέρα
2608 1035 2914 1117 τοῦτον,

1083 1130 1245 1207 ὅττι
1294 1129 1518 1230 φίλου
1571 1126 1831 1208 λάθαν
1877 1129 2068 1230 μηδὲ
2118 1127 2505 1215 θανόντος
2559 1132 2765 1207 ἔτλα.

774 1299 858 1376 In
908 1302 1137 1378 ultimo
1185 1328 1378 1378 versu
1425 1299 1858 1401 Mustoxydes
1868 1353 1897 1397 ,
1948 1303 2061 1400 qui
2109 1302 2237 1376 hoc
2286 1302 2697 1402 epigramma
2761 1325 2851 1375 ex
2907 1300 3005 1374 la-

773 1406 951 1479 mina
982 1430 1180 1479 aerea
1230 1406 1603 1504 descripsit,
1659 1408 1810 1506 ἔχοι
1859 1404 2116 1478 dedisse
2165 1404 2444 1496 dicitur3
2496 1404 3007 1480 Kochlerianum

770 1509 1258 1607 apographum,
1331 1508 1507 1607 quod
1571 1507 1944 1581 accuratius
2024 1532 2171 1581 esse
2188 1559 2215 1602 ,
2290 1507 2535 1581 habere
2617 1509 2816 1584 ἔτλα.
2929 1501 3006 1579 In

771 1620 1077 1708 utroque,
1128 1617 1205 1685 ut
1253 1610 1532 1703 videtur,
1582 1609 1772 1683 initio
1820 1633 2047 1684 versus
2097 1618 2201 1684 est
2250 1609 2333 1695 ὅς
2380 1640 2489 1687 κε.
2611 1609 3004 1684 Welckerus

770 1713 843 1804 in
893 1710 1164 1810 Sylloge
1214 1715 1752 1810 epigrammatum
1811 1737 1885 1811 p.
1939 1710 2065 1787 35.
2129 1721 2198 1786 et
2259 1712 2542 1812 primam
2609 1721 2681 1787 et
2727 1712 3005 1785 ultimam

772 1814 966 1890 huius
1013 1839 1244 1889 versus
1291 1813 1603 1912 syllabam
1650 1814 1840 1890 uncis
1890 1813 2339 1890 circumdedit.
2439 1803 2707 1915 Apes-te
2748 1838 2917 1918 vero!
2945 1820 3005 1886 et

772 1917 858 2003 ὅς
905 1946 988 1993 κε
1040 1918 1193 2014 ἔχοι
1242 1925 1311 1990 et
1360 1916 1522 2001 ὅςκε
1575 1918 1749 1993 ἔτλα
1799 1916 2131 1992 soloecum
2144 1969 2171 2012 ,
2223 1918 2557 2020 posterius
2611 1917 2813 1993 etiam
2858 1939 3004 1989 sen-

773 2021 982 2110 tentia
1043 2020 1239 2093 nimis
1301 2019 1597 2094 mirabile
1666 2029 1792 2094 est.
1908 2019 2143 2118 Neque
2204 2045 2361 2094 vero
2426 2044 2587 2094 cum
2651 2016 3001 2094 indicativis

775 2126 922 2221 ἔχει
968 2122 1077 2198 vel
1128 2124 1304 2197 ἔτλα
1353 2130 1469 2195 ant
1520 2120 1683 2206 ὅςτε
1733 2130 1849 2195 ant
1898 2121 1981 2205 ὅς
2028 2151 2113 2226 γε
2144 2129 2349 2212 ,recte
2398 2122 2749 2222 procedit:
2798 2120 3001 2220 paullo

773 2235 995 2302 tamen
1043 2221 1448 2299 tolerabilius
1499 2215 1684 2309 ἱίςτε.
1789 2219 1931 2298 Sed
1983 2226 2097 2323 qui
2146 2232 2410 2299 caetera
2472 2233 2619 2299 tam
2688 2219 3001 2322 eleganter

776 2329 1068 2428 scripsit,
1121 2353 1265 2420 cur,
1318 2351 1517 2426 quum
1565 2326 1636 2398 in
1685 2333 1994 2426 promptu
2031 2333 2207 2400 esset
2230 2326 2415 2416 ὅττι,
2464 2329 2647 2402 male
2674 2325 2999 2434 scripsisse

776 2431 1083 2510 credatur
1096 2424 1135 2504 Ξ)
1187 2437 1304 2502 aut
1352 2454 1498 2523 cur,
1535 2423 1665 2501 'ubi
1712 2454 1821 2502 res
1868 2430 2017 2528 ipsa
2064 2428 2220 2528 quid
2246 2429 2598 2505 dicendum
2626 2439 2802 2505 esset
2822 2452 2999 2503 mon·

777 2533 1028 2607 strabat
1038 2584 1065 2627 ,
1114 2531 1420 2632 posuisse
1481 2532 1910 2625 sententiam,
1981 2553 2148 2652 §luae
2210 2531 2455 2608 nemini
2523 2531 2724 2608 facile
2784 2539 2895 2606 aut
2936 2529 2997 2602 in

773 2644 1056 2726 mentem
1105 2635 1325 2734 veniat
1374 2642 1491 2708 aut
1539 2642 1697 2740 apta
1745 2659 1893 2710 esse·
1940 2634 2237 2710 videatur
2253 2627 2295 2709 Ρ

977 2771 1090 2846 De
1149 2770 1575 2870 inscriptione
1658 2775 1882 2848 1907.
1954 2797 2029 2873 p.
2094 2777 2221 2847 36.
2297 2796 2493 2871 qum
2567 2774 2644 2846 in
2710 2769 2995 2869 Sylloges

780 2874 1286 2952 Welckerianae
1334 2885 1617 2950 censura
1663 2875 1967 2970 tractavi,
2014 2875 2178 2950 nihil
2226 2875 2542 2971 dicerem,
2592 2875 2724 2950 nisi
2763 2872 2999 2952 εὖδαεῖ

781 2987 862 3055 ut
898 2978 1130 3053 fictum
1175 2978 1588 3073 vocabulum,
1637 2976 2219 3064 πολυπλανάτας
2280 2987 2357 3052 ut
2404 3004 2537 3055 nec
2586 2978 2849 3055 traditis
2887 2976 2994 3049 lit-

781 3083 938 3156 teris
1003 3081 1395 3156 conveniens
1472 3105 1599 3155 nec
1676 3078 2011 3157 Graccum
2021 3133 2048 3176 ,
2130 3081 2256 3158 εἶτῗ
2310 3082 2615 3182 ἀτρεκές
2663 3087 2994 3181 propterea

782 3184 954 3284 quod
1000 3184 1074 3258 ‘n
1121 3184 1244 3255 tali
1288 3184 1755 3281 epigrammate
1801 3209 1934 3258 non
1983 3185 2438 3282 defugiendum
2488 3188 2582 3262 sit
2631 3184 2739 3260 ἐπ’
2790 3183 2992 3280 ἄτρε-

780 3288 921 3374 κές,
970 3284 1355 3383 reprehendi
1403 3285 1712 3357 viderem.
1814 3282 1901 3358 Si
1947 3284 2173 3362 fictum
2237 3287 2585 3362 dicendum
2630 3295 2758 3363 ‚est
2802 3305 2993 3358 voca·

651 3431 659 3440 -
781 3389 1027 3480 bulum,
1079 3387 1253 3485 quod
1302 3395 1374 3461 et
1417 3387 1656 3483 legitur
1701 3388 2064 3462 certissime
2123 3391 2196 3464 in
2241 3388 2459 3490 lapide
2504 3391 2807 3490 ipsisque
2843 3384 2992 3460 toti-

783 3492 929 3566 dem
976 3491 1239 3584 litteris,
1289 3498 1364 3565 et
1418 3497 1608 3565 recte
1666 3492 2139 3590 compositum,
2204 3493 2324 3567 sed
2384 3494 2676 3568 nondum
2743 3491 2868 3563 alio
2925 3485 2990 3558 in

784 3595 1027 3694 scripto
1075 3594 1408 3668 inventum
1456 3600 1584 3686 est,
1637 3594 1778 3667 eius
1827 3594 2062 3694 cnlpae
2108 3619 2242 3672 non
2290 3598 2791 3672 excusationem
2845 3599 2989 3665 tan-

782 3706 945 3790 tum,
1014 3696 1133 3771 sed
1192 3697 1391 3771 etiam
1452 3696 1890 3771 defensionem
1938 3707 2253 3799 exspecto
2301 3700 2383 3772 ab
2429 3700 2594 3799 ipsis
2644 3697 2799 3790 illis,
2848 3690 2989 3790 qui·

782 3799 904 3873 hm
955 3799 1170 3874 dictus
1220 3825 1365 3873 sum
1415 3798 1727 3898 quidquid
1773 3801 2060 3877 nondum
2106 3803 2380 3879 viderim
2429 3803 2783 3903 expellere.
2832 3798 2984 3871 Ho-

783 3899 1261 3989 λυπλανείτας
1310 3928 1504 4002 quam
1551 3905 1721 3978 bene
1766 3913 1882 3980 aut
1928 3906 2099 3982 male
2163 3906 2505 3981 conveniat
2567 3931 2718 3981 cum
2764 3894 2985 3973 litterifl

785 4029 952 4103 quae
1014 4014 1169 4081 sunt
1225 4007 1300 4081 in
1337 4007 1576 4107 >lapide
1649 4012 1830 4087 ΟΤΙ
1825 4012 2425 4087 ΠΛΑΝΑΤΑΣ
2429 4064 2452 4104 ,
2516 4009 2729 4109 quivis
2786 4000 2983 4078 videte

787 4106 1124 4184 Graecum
1172 4118 1394 4186 antem
1457 4135 1603 4186 esse
1653 4111 2021 4186 huiusmodi
2068 4112 2457 4188 vocabulum
2503 4112 2658 4188 nolo
2707 4131 2833 4205 ego
2891 4099 2983 4173 85⁰

788 4209 1130 4286 defendere
1146 4265 1173 4306 ,
1221 4222 1298 4287 ut
1344 4213 1417 4286 in
1462 4214 1583 4287 tali
1625 4214 2052 4313 inscriptione
2099 4215 2435 4291 ferendum
2483 4217 2727 4307 dicam,
2767 4210 2836 4282 in
2864 4222 2980 4317 (1¹¹2

785 4313 1084 4409 profecto
1131 4316 1468 4392 ferendum
1517 4325 1621 4394 eet
1669 4317 1870 4392 etiam
1915 4343 2051 4393 non
2099 4316 2433 4396 Graecum
2481 4314 2880 4402 voeabullmae
2923 4326 2977 4374 ⁸¹

787 4413 1143 4489 inauditum
1191 4418 1353 4490 illud
1418 4422 1522 4495 ἐπ’
1593 4417 1892 4521 ἀτρεκὲς
1961 4420 2132 4496 ferre
2193 4424 2413 4523 placet
2426 4450 2451 4497 z
2514 4420 2633 4499 sed
2691 4413 2976 4492 πωπω·
