3275 5317
906 449 1471 561 ovrnvsnnr
1511 487 1944 558 ouAnms.
2411 482 2538 557 1659

320 654 475 742 σεῦ,
533 642 790 742 (licebit
839 647 1035 742 enim,
1088 648 1260 747 quod
1307 649 1516 724 oculis
1581 650 1853 750 quisque
1902 649 2039 724 suis
2087 649 2263 725 videt
2310 652 2379 724 iu
2426 652 2536 725 la-

314 750 466 849 pide
517 773 666 823 esse
717 751 1103 846 certissime,
1147 760 1402 846 tenere,
1452 777 1578 827 nec
1626 762 1880 827 mutare
1942 754 2013 826 ιιι
2064 752 2135 826 ιιι
2185 754 2356 851 quod
2394 779 2538 828 'non

316 861 418 926 est
465 852 542 924 in
586 853 838 951 lapide)
890 878 1087 953 quum
1138 863 1267 930 σεῦ
1306 856 1517 953 prima
1567 855 1657 929 sit
1703 881 1835 931 vox
1884 880 2110 929 versus
2149 855 2534 950 hexametri,

315 955 679 1051 elegiacum
726 956 930 1029 fuisse
980 981 1244 1031 carmen
1289 958 1452 1031 illud
1514 958 1758 1032 indicio
1809 967 1933 1032 est.
2052 956 2332 1032 Caetera
2377 983 2539 1057 per-

314 1058 575 1154 exiguis
626 1060 1139 1133 correctionibus
1186 1059 1478 1157 indigent
1490 1112 1517 1155 ,
1593 1068 1672 1134 ut
1734 1068 1803 1134 et
1878 1059 2144 1135 Graeca
2209 1062 2408 1134 verba
2473 1070 2542 1135 et

312 1161 541 1234 metris
590 1161 1039 1235 convenientia
1100 1171 1476 1260 appareant.
1591 1160 1842 1237 Earum
1906 1164 2331 1237 mutationum
2393 1188 2542 1236 ma-

313 1263 496 1335 xima
548 1271 674 1356 est,
728 1264 901 1362 quod
948 1265 1121 1337 inter
1166 1272 1354 1358 ΝΜ,
1406 1265 1455 1339 ι.
1482 1290 1547 1339 e.
1597 1289 1720 1359 νο,
1771 1272 1849 1342 Α
1893 1266 2301 1340 intercidisse
2349 1275 2539 1365 puto,

159 1361 178 1380 ‘
315 1365 453 1439 sive
507 1364 937 1440 describentis
988 1367 1220 1465 culpa,
1273 1368 1409 1441 sive
1462 1367 1635 1465 quod
1698 1369 1780 1440 ab
1829 1368 2145 1467 lapidario
2210 1368 2375 1442 haec
2421 1369 2541 1442 lit-

312 1475 459 1541 tera
511 1468 770 1541 adnexa
817 1477 961 1543 erat
1008 1469 1092 1541 iis
1141 1470 1315 1542 inter
1381 1495 1545 1568 quas
1607 1470 1824 1543 media
1889 1477 1991 1544 est
2037 1471 2311 1543 litteris·
2376 1471 2538 1543 reli-

314 1593 484 1668 quae
536 1570 901 1646 levissimae
952 1572 1340 1646 mutationes
1390 1580 1566 1647 sunt.
1669 1571 1841 1648 Nam
1871 1581 2026 1649 ME
2035 1579 2315 1666 OEKE,
2368 1573 2540 1671 quod

315 1673 379 1749 o'
435 1674 665 1768 ἔθηκε
718 1698 864 1746 esse
930 1673 1139 1747 visum
1202 1682 1344 1769 est,
1410 1675 1570 1748 nihil
1617 1675 1891 1796 impedit
1954 1676 2110 1797 quin
2169 1706 2262 1774 με
2315 1678 2538 1771 ἔθηκε

312 1797 463 1849 esse
515 1774 854 1849 credamus
867 1826 894 1869 ,
947 1800 1145 1876 quum
1195 1786 1282 1851 Σ
1324 1785 1394 1851 et
1440 1786 1563 1871 M,
1615 1779 1803 1851 cuius
1853 1779 2232 1876 posterioris
2327 1779 2539 1852 uidem

311 1878 575 1951 litterae
622 1903 756 1952 non
804 1879 1047 1952 aliud
1025 1905 1096 1952 ιιι
1146 1880 1274 1953 hoc
1320 1881 1537 1979 lapide
1587 1881 1958 1979 exemplum
2006 1889 2143 1974 est,
2195 1881 2258 1952 ιιι
2329 1881 2416 1954 tis
2465 1882 2585 1961 in7

313 1977 845 2079 inscriptionibus
899 1982 1008 2055 vix
1054 1982 1411 2056 internosci
1458 1982 1714 2081 possint
1727 2008 1751 2054 a
1814 2008 1981 2082 quae
2045 1991 2263 2057 autem
2311 1985 2537 2081 sequi-

315 2090 426 2158 tur
472 2084 699 2156 littera
745 2083 826 2157 ab
875 2084 1023 2182 ipso
1085 2085 1339 2159 videtur
1399 2085 1718 2184 lapidatio
1732 2138 1758 2179 ,
1822 2093 1898 2159 nt
1956 2112 2078 2184 pro
2144 2093 2274 2161 EE
2336 2094 2537 2180 esset,

312 2186 538 2285 paullo
586 2187 831 2260 maiore
894 2211 1039 2261 esse
1102 2187 1312 2261 forma
1374 2188 1607 2262 incisa.
1729 2186 2045 2287 Sequitur
2107 2189 2325 2288 paullo
2391 2197 2545 2287 post

314 2294 416 2382 Β,
469 2287 647 2387 quod
693 2314 828 2362 non
876 2297 1033 2388 puto
1083 2312 1188 2364 me
1238 2290 1549 2365 audaciae
1598 2297 1819 2365 notam
1868 2292 2083 2364 subire
2097 2344 2121 2385 ,
2189 2292 2248 2365 si
2296 2316 2416 2390 pro
2470 2300 2542 2368 P

315 2391 567 2490 pictum
618 2416 765 2466 esse
814 2393 1051 2466 dicam.
1154 2392 1348 2468 Hanc
1410 2395 1696 2468 litteram
1766 2418 1931 2493 quae
1997 2395 2302 2492 excipere
2365 2395 2545 2469 visae

318 2502 471 2568 sunt
530 2499 731 2588 OIA,
785 2495 844 2568 si
893 2496 1279 2571 contendam
1338 2501 1523 2591 OM,
1574 2498 1623 2569 i.
1678 2521 1741 2570 e.
1796 2526 1877 2583 ος
1927 2521 2097 2591 esse,
2148 2523 2338 2571 nemo
2391 2498 2544 2597 opi-

318 2621 438 2671 nor
488 2596 854 2691 dissentiet,
907 2600 1017 2696 qui
1067 2608 1255 2673 notas
1305 2624 1527 2673 earum
1577 2601 1648 2672 ιιι
1695 2600 1910 2699 lapide
1962 2601 2270 2674 attentius
2319 2600 2545 2674 intue-

319 2707 491 2794 atur,
544 2709 1004 2799 comparetque
1053 2700 1215 2773 illud
1263 2710 1385 2796 M,
1439 2703 1611 2800 quod
1659 2704 1731 2774 ιιι
1779 2703 1984 2787 κλέος
2050 2711 2172 2776 est.
2291 2700 2545 2823 Aperte

321 2803 742 2901 depravatum
793 2809 895 2876 est
950 2809 1243 2880 ΘΝΑΙΙ
1286 2813 1593 2903 sequente
1646 2805 1775 2876 alio
1840 2805 2281 2903 inexplicabili
2327 2806 2542 2926 signo.

318 2904 400 2978 Id
447 2906 563 2979 cui
613 2909 929 2990 θνατοῖς
994 2930 1139 2979 esse
1201 2907 1540 3000 videatur,
1608 2931 1742 2980 non
1804 2908 2031 2981 credat
2094 2908 2237 3004 quis
2300 2909 2543 2981 erroris

318 3007 829 3083 insimulatum
807 3009 914 3081 ιιι.
1032 3007 1129 3081 Et
1192 3017 1412 3083 tamen
1473 3011 1719 3083 factum
1785 3017 1925 3099 est;
1990 3009 2246 3083 scilicet
2291 3016 2366 3081 ut
2412 3010 2544 3084 isto

320 3111 507 3208 siguo
521 3164 549 3205 ,
602 3111 729 3184 etsi
797 3112 1239 3189 duriusculum
1289 3112 1377 3185 sit
1440 3113 1509 3183 in
1558 3119 1623 3187 E
1673 3113 1909 3185 mutari
1923 3164 1948 3205 ,
2015 3120 2234 3186 tamen
2295 3119 2544 3186 mutato

319 3213 387 3285 in
434 3221 529 3309 E,
596 3223 932 3288 erueretur
993 3215 1318 3314 scriptura
1382 3215 1569 3289 cuius
1631 3215 1877 3292 nullum
1941 3216 2012 3287 ιιι
2059 3214 2274 3314 lapide
2337 3215 2545 3288 vesti-

318 3316 497 3413 gium
547 3326 673 3390 est.
789 3316 1133 3392 Postremo
1195 3318 1390 3392 facile
1452 3319 1667 3417 patiar
1727 3318 2146 3416 reprehendi,
2200 3319 2259 3391 si
2315 3325 2376 3395 Θ
2421 3342 2546 3417 pro

329 3425 392 3498 Ο
441 3419 759 3518 scriptum
810 3444 1130 3495 censeam.
1184 3419 1307 3494 Sic
1355 3421 1667 3495 habemus
1714 3421 1915 3498 haec.
1971 3420 2115 3525 ἐγώ
2160 3430 2290 3498 σεῦ
2342 3422 2547 3506 κλέος

324 3524 668 3623 ἄφθιτον
720 3520 879 3599 ais).
960 3547 1291 3601 ,ναστον
1338 3554 1432 3623 με
1485 3526 1708 3620 ἔθηκε
1742 3525 2074 3621 ραΐτερος
2123 3523 2252 3601 καί
2299 3552 2391 3599 κ.

322 3624 654 3703 πασιθέα
704 3628 1021 3711 θνατοῖς
1070 3624 1154 3703 δὲ
1208 3626 1402 3705 ἐοῦὅ
1457 3627 1638 3703 ὀνο.
1725 3685 1742 3700 .
1861 3626 2049 3700 Haec
2099 3627 2299 3724 igitur
2347 3582 2546 3700 verba

327 3730 384 3804 si
446 3730 518 3802 in
584 3728 800 3827 lapide
877 3730 1124 3828 scripta
1187 3736 1375 3825 suut,
1447 3731 1594 3827 ipsa
1671 3737 1928 3827 oportet
2003 3730 2542 3823 considerantem,

324 3840 867 3929 quaerentemque
931 3857 1122 3930 quam
1187 3833 1573 3906 sententiam
1642 3832 1976 3906 continere
2039 3834 2408 3931 potuerint,
2463 3857 2544 3906 eo

325 3937 593 4027 ducant,
643 3942 721 4007 ut
767 3943 1020 4033 partem
1043 3941 1422 4033 ‘agnoscere
1473 3936 1766 4009 videatur
1816 3935 2318 4032 epigrammatis,
2371 3934 2545 4031 quod

325 4046 515 4136 pater
564 4036 726 4130 filio,
778 4061 821 4108 a
871 4038 1057 4111 cuius
1112 4040 1342 4112 virtute
1393 4038 1518 4110 sibi
1565 4038 1838 4134 gloriam
1867 4038 2109 4110 frustra
2137 4045 2539 4157 speraverat,

328 4142 397 4212 in
445 4147 860 4214 monumento
909 4141 1337 4239 inscripserit.
1442 4141 1697 4234 Quibus
1747 4141 1958 4214 verbis
2005 4140 2166 4213 illud
2215 4139 2545 4260 epigram-

329 4267 437 4331 ma
496 4243 933 4342 perscriptum
1010 4244 1243 4339 fuerit,
1320 4270 1509 4318 nemo
1584 4243 1777 4317 hodie
1852 4244 1979 4315 nisi
2039 4243 2314 4315 inventis
2377 4267 2545 4340 quae

43 4367 44 4448 ι
329 4346 651 4443 utrimque
700 4345 1014 4419 decussae
1064 4355 1215 4420 snut
1259 4348 1494 4447 lapidis
1541 4347 1833 4446 partibus
1886 4344 2094 4418 dicat·
2163 4345 2304 4439 sed,
2348 4361 2545 4444 quum
2631 4435 2635 4454 Ι

43 4455 44 4472 ’
338 4449 607 4544 gloriam
653 4448 929 4547 intelligi
977 4449 1276 4526 bellicam
1325 4451 1463 4526 veri
1512 4452 1600 4524 sit
1624 4449 2044 4544 simillimum,
2094 4449 2370 4547 indeque
2398 4449 2546 4523 col-
