<?xml version="1.0" encoding="UTF-8"?>
<!DOCTYPE html PUBLIC "-//W3C//DTD XHTML 1.0 Transitional//EN"
    "http://www.w3.org/TR/xhtml1/DTD/xhtml1-transitional.dtd">
<html xmlns="http://www.w3.org/1999/xhtml" xml:lang="en" lang="en">
 <head>
  <title>
</title>
<meta http-equiv="Content-Type" content="text/html;charset=utf-8" />
  <meta name='ocr-system' content='tesseract 3.04.00' />
  <meta name='ocr-capabilities' content='ocr_page ocr_carea ocr_par ocr_line ocrx_word'/>
</head>
<body>
  <div class='ocr_page' id='page_1' title='image "./godofrediherman02fritgoog_0109.png"; bbox 0 0 3275 5317; ppageno 0'>
   <div class='ocr_carea' id='block_1_1' title="bbox 736 467 2081 546">
    <p class='ocr_par' dir='ltr' id='par_1_1' title="bbox 736 467 2081 546">
     <span class='ocr_line' id='line_1_1' title="bbox 736 467 2081 546; baseline -0.008 0"><span class='ocrx_word' id='word_1_1' title='bbox 736 473 828 546; x_wconf 60' lang='grc' dir='ltr'><em>ω</em></span> <span class='ocrx_word' id='word_1_2' title='bbox 1359 467 1369 474; x_wconf 68' lang='grc'><strong>’</strong></span> <span class='ocrx_word' id='word_1_3' title='bbox 1627 473 2081 538; x_wconf 81' lang='lat' dir='ltr'><strong>scHoLAE</strong></span> 
     </span>
    </p>
   </div>
   <div class='ocr_carea' id='block_1_2' title="bbox 739 635 2985 2182">
    <p class='ocr_par' dir='ltr' id='par_1_2' title="bbox 739 635 2979 1050">
     <span class='ocr_line' id='line_1_2' title="bbox 739 635 2976 740; baseline 0.002 -28"><span class='ocrx_word' id='word_1_4' title='bbox 739 640 963 740; x_wconf 84' lang='lat' dir='ltr'><strong>piano,</strong></span> <span class='ocrx_word' id='word_1_5' title='bbox 1014 660 1210 738; x_wconf 84' lang='lat' dir='ltr'><strong>quem</strong></span> <span class='ocrx_word' id='word_1_6' title='bbox 1253 636 1530 712; x_wconf 86' lang='lat' dir='ltr'><strong>multum</strong></span> <span class='ocrx_word' id='word_1_7' title='bbox 1552 635 1990 730; x_wconf 65' lang='lat' dir='ltr'><strong>lectitaverant,</strong></span> <span class='ocrx_word' id='word_1_8' title='bbox 2043 655 2190 708; x_wconf 85' lang='lat' dir='ltr'><strong>eam</strong></span> <span class='ocrx_word' id='word_1_9' title='bbox 2213 658 2445 710; x_wconf 75' lang='lat' dir='ltr'><strong>vocem</strong></span> <span class='ocrx_word' id='word_1_10' title='bbox 2469 635 2661 711; x_wconf 83' lang='lat' dir='ltr'><strong>affert</strong></span> <span class='ocrx_word' id='word_1_11' title='bbox 2707 662 2778 738; x_wconf 93' lang='lat' dir='ltr'><strong>p.</strong></span> <span class='ocrx_word' id='word_1_12' title='bbox 2804 642 2976 735; x_wconf 75' lang='lat'><strong>437,</strong></span> 
     </span>
     <span class='ocr_line' id='line_1_3' title="bbox 742 736 2979 839; baseline -0.001 -21"><span class='ocrx_word' id='word_1_13' title='bbox 742 748 818 818; x_wconf 87' lang='grc'><strong>2.</strong></span> <span class='ocrx_word' id='word_1_14' title='bbox 872 751 940 817; x_wconf 84' lang='lat' dir='ltr'><strong>et</strong></span> <span class='ocrx_word' id='word_1_15' title='bbox 986 748 1386 839; x_wconf 87' lang='lat' dir='ltr'><strong>usurparunt</strong></span> <span class='ocrx_word' id='word_1_16' title='bbox 1434 764 1581 813; x_wconf 88' lang='lat' dir='ltr'><strong>eam</strong></span> <span class='ocrx_word' id='word_1_17' title='bbox 1630 739 1937 837; x_wconf 78' lang='lat' dir='ltr'><strong>aequales</strong></span> <span class='ocrx_word' id='word_1_18' title='bbox 1968 738 2333 813; x_wconf 74' lang='lat' dir='ltr'><strong>Theocrito</strong></span> <span class='ocrx_word' id='word_1_19' title='bbox 2373 736 2769 838; x_wconf 89' lang='lat' dir='ltr'><strong>Apollonius</strong></span> <span class='ocrx_word' id='word_1_20' title='bbox 2796 742 2979 822; x_wconf 84' lang='lat' dir='ltr'><strong>Rho-</strong></span> 
     </span>
     <span class='ocr_line' id='line_1_4' title="bbox 741 841 2979 940; baseline 0 -20"><span class='ocrx_word' id='word_1_21' title='bbox 741 848 915 940; x_wconf 88' lang='lat' dir='ltr'><strong>dius,</strong></span> <span class='ocrx_word' id='word_1_22' title='bbox 966 843 1255 920; x_wconf 77' lang='lat' dir='ltr'><strong>Sotades</strong></span> <span class='ocrx_word' id='word_1_23' title='bbox 1269 896 1296 938; x_wconf 90' lang='lat'><strong><em>,</em></strong></span> <span class='ocrx_word' id='word_1_24' title='bbox 1351 841 1833 916; x_wconf 84' lang='lat' dir='ltr'><strong>Callimachus·</strong></span> <span class='ocrx_word' id='word_1_25' title='bbox 1811 895 1833 934; x_wconf 90' lang='lat'>‚</span> <span class='ocrx_word' id='word_1_26' title='bbox 1900 843 2011 916; x_wconf 86' lang='lat' dir='ltr'><strong>hic</strong></span> <span class='ocrx_word' id='word_1_27' title='bbox 2081 843 2339 940; x_wconf 88' lang='lat' dir='ltr'><strong>quidem</strong></span> <span class='ocrx_word' id='word_1_28' title='bbox 2405 844 2604 917; x_wconf 88' lang='lat' dir='ltr'><strong>etiam</strong></span> <span class='ocrx_word' id='word_1_29' title='bbox 2666 843 2979 920; x_wconf 87' lang='lat' dir='ltr'><strong>Doricum</strong></span> 
     </span>
     <span class='ocr_line' id='line_1_5' title="bbox 746 943 2836 1050; baseline -0.002 -24"><span class='ocrx_word' id='word_1_30' title='bbox 746 943 1141 1050; x_wconf 80' lang='grc' dir='ltr'><em>ἅλεμοίτως</em></span> <span class='ocrx_word' id='word_1_31' title='bbox 1188 947 1260 1019; x_wconf 91' lang='lat' dir='ltr'><strong>in</strong></span> <span class='ocrx_word' id='word_1_32' title='bbox 1308 947 1377 1020; x_wconf 88' lang='lat' dir='ltr'><strong>h.</strong></span> <span class='ocrx_word' id='word_1_33' title='bbox 1432 944 1590 1019; x_wconf 87' lang='lat' dir='ltr'><strong>Ger.</strong></span> <span class='ocrx_word' id='word_1_34' title='bbox 1647 950 1772 1019; x_wconf 82' lang='lat'><strong>91.</strong></span> <span class='ocrx_word' id='word_1_35' title='bbox 1825 945 1939 1018; x_wconf 88' lang='lat' dir='ltr'><strong>ubi</strong></span> <span class='ocrx_word' id='word_1_36' title='bbox 1987 943 2301 1019; x_wconf 83' lang='lat' dir='ltr'><strong>videndus</strong></span> <span class='ocrx_word' id='word_1_37' title='bbox 2367 943 2836 1045; x_wconf 77' lang='lat' dir='ltr'><strong>spanhemius,</strong></span> 
     </span>
    </p>

    <p class='ocr_par' dir='ltr' id='par_1_3' title="bbox 744 1048 2985 2080">
     <span class='ocr_line' id='line_1_6' title="bbox 949 1048 2978 1150; baseline 0.002 -26"><span class='ocrx_word' id='word_1_38' title='bbox 949 1050 1044 1125; x_wconf 88' lang='lat' dir='ltr'><strong>V.</strong></span> <span class='ocrx_word' id='word_1_39' title='bbox 1101 1055 1174 1126; x_wconf 87' lang='lat'><strong>7.</strong></span> <span class='ocrx_word' id='word_1_40' title='bbox 1225 1049 1504 1150; x_wconf 78' lang='lat' dir='ltr'>Duplici</span> <span class='ocrx_word' id='word_1_41' title='bbox 1553 1049 1788 1122; x_wconf 90' lang='lat' dir='ltr'><strong>mendo</strong></span> <span class='ocrx_word' id='word_1_42' title='bbox 1843 1048 2084 1122; x_wconf 84' lang='lat' dir='ltr'><strong>affecta</strong></span> <span class='ocrx_word' id='word_1_43' title='bbox 2130 1050 2333 1122; x_wconf 84' lang='lat' dir='ltr'><strong>verba</strong></span> <span class='ocrx_word' id='word_1_44' title='bbox 2381 1050 2477 1125; x_wconf 81' lang='grc' dir='ltr'><strong>τὺ</strong></span> <span class='ocrx_word' id='word_1_45' title='bbox 2542 1050 2625 1126; x_wconf 73' lang='grc' dir='ltr'><strong>δ’</strong></span> <span class='ocrx_word' id='word_1_46' title='bbox 2683 1053 2978 1127; x_wconf 87' lang='grc' dir='ltr'><em>ἑκαστο-</em></span> 
     </span>
     <span class='ocr_line' id='line_1_7' title="bbox 744 1149 2983 1252; baseline -0.003 -19"><span class='ocrx_word' id='word_1_47' title='bbox 744 1157 936 1252; x_wconf 88' lang='grc' dir='ltr'><em>τέρω</em></span> <span class='ocrx_word' id='word_1_48' title='bbox 989 1155 1097 1230; x_wconf 65' lang='grc' dir='ltr'>ξ”ιι</span> <span class='ocrx_word' id='word_1_49' title='bbox 1151 1154 1480 1238; x_wconf 79' lang='grc' dir='ltr'><em>ἅποικεῗς</em></span> <span class='ocrx_word' id='word_1_50' title='bbox 1528 1152 1881 1238; x_wconf 65' lang='lat' dir='ltr'><strong>infeliciter</strong></span> <span class='ocrx_word' id='word_1_51' title='bbox 1945 1149 2430 1226; x_wconf 76' lang='lat' dir='ltr'><strong>Valckenarius</strong></span> <span class='ocrx_word' id='word_1_52' title='bbox 2495 1155 2597 1228; x_wconf 86' lang='lat' dir='ltr'><strong>sic</strong></span> <span class='ocrx_word' id='word_1_53' title='bbox 2648 1154 2983 1228; x_wconf 86' lang='lat' dir='ltr'><strong>scribenda</strong></span> 
     </span>
     <span class='ocr_line' id='line_1_8' title="bbox 748 1254 2984 1355; baseline -0.002 -21"><span class='ocrx_word' id='word_1_54' title='bbox 748 1259 1029 1352; x_wconf 86' lang='lat' dir='ltr'><strong>censuit,</strong></span> <span class='ocrx_word' id='word_1_55' title='bbox 1081 1255 1176 1333; x_wconf 77' lang='grc' dir='ltr'><strong>τὺ</strong></span> <span class='ocrx_word' id='word_1_56' title='bbox 1232 1257 1318 1333; x_wconf 71' lang='grc' dir='ltr'><strong>δ’</strong></span> <span class='ocrx_word' id='word_1_57' title='bbox 1371 1256 1747 1355; x_wconf 78' lang='grc' dir='ltr'><em>ἑκαστέρω</em></span> <span class='ocrx_word' id='word_1_58' title='bbox 1815 1256 2062 1354; x_wconf 78' lang='grc' dir='ltr'><em>ἄμμιν</em></span> <span class='ocrx_word' id='word_1_59' title='bbox 2129 1255 2477 1354; x_wconf 81' lang='grc' dir='ltr'><em>ἅποικεῖς.</em></span> <span class='ocrx_word' id='word_1_60' title='bbox 2595 1254 2755 1331; x_wconf 84' lang='grc' dir='ltr'>Νοιι</span> <span class='ocrx_word' id='word_1_61' title='bbox 2822 1258 2984 1331; x_wconf 88' lang='lat' dir='ltr'><strong>male</strong></span> 
     </span>
     <span class='ocr_line' id='line_1_9' title="bbox 745 1358 2983 1459; baseline 0 -24"><span class='ocrx_word' id='word_1_62' title='bbox 745 1363 861 1435; x_wconf 86' lang='lat' dir='ltr'><strong>illa</strong></span> <span class='ocrx_word' id='word_1_63' title='bbox 910 1361 1354 1436; x_wconf 77' lang='lat' dir='ltr'><strong>scriberentur</strong></span> <span class='ocrx_word' id='word_1_64' title='bbox 1382 1361 1510 1434; x_wconf 92' lang='lat' dir='ltr'><strong>hoc</strong></span> <span class='ocrx_word' id='word_1_65' title='bbox 1554 1359 1775 1453; x_wconf 88' lang='lat' dir='ltr'><strong>modo,</strong></span> <span class='ocrx_word' id='word_1_66' title='bbox 1826 1358 1923 1433; x_wconf 81' lang='grc' dir='ltr'><strong>τὺ</strong></span> <span class='ocrx_word' id='word_1_67' title='bbox 1975 1358 2058 1434; x_wconf 71' lang='lat'><strong>&lt;5³</strong></span> <span class='ocrx_word' id='word_1_68' title='bbox 2095 1360 2564 1459; x_wconf 86' lang='grc' dir='ltr'><em>ἑκαστατέρω</em></span> <span class='ocrx_word' id='word_1_69' title='bbox 2593 1359 2740 1457; x_wconf 73' lang='grc' dir='ltr'><strong>μετ)</strong></span> <span class='ocrx_word' id='word_1_70' title='bbox 2776 1361 2983 1436; x_wconf 79' lang='grc' dir='ltr'><em>ἄποι-</em></span> 
     </span>
     <span class='ocr_line' id='line_1_10' title="bbox 745 1462 2984 1563; baseline -0.003 -19"><span class='ocrx_word' id='word_1_71' title='bbox 745 1472 917 1551; x_wconf 77' lang='grc' dir='ltr'><strong>κεῖς.</strong></span> <span class='ocrx_word' id='word_1_72' title='bbox 1021 1462 1194 1538; x_wconf 87' lang='lat' dir='ltr'><strong>Nam</strong></span> <span class='ocrx_word' id='word_1_73' title='bbox 1250 1465 1447 1537; x_wconf 86' lang='lat' dir='ltr'><strong>etiam</strong></span> <span class='ocrx_word' id='word_1_74' title='bbox 1473 1489 1561 1537; x_wconf 82' lang='lat' dir='ltr'><strong>ex</strong></span> <span class='ocrx_word' id='word_1_75' title='bbox 1585 1462 2000 1563; x_wconf 83' lang='lat' dir='ltr'><strong>superlativis</strong></span> <span class='ocrx_word' id='word_1_76' title='bbox 2051 1464 2496 1563; x_wconf 85' lang='lat' dir='ltr'><strong>comparativa</strong></span> <span class='ocrx_word' id='word_1_77' title='bbox 2544 1462 2713 1537; x_wconf 88' lang='lat' dir='ltr'><strong>fiunt</strong></span> <span class='ocrx_word' id='word_1_78' title='bbox 2724 1515 2752 1557; x_wconf 84' lang='lat'><strong><em>,</em></strong></span> <span class='ocrx_word' id='word_1_79' title='bbox 2803 1464 2984 1563; x_wconf 83' lang='lat' dir='ltr'><strong>quale</strong></span> 
     </span>
     <span class='ocr_line' id='line_1_11' title="bbox 747 1564 2983 1666; baseline -0.002 -22"><span class='ocrx_word' id='word_1_80' title='bbox 747 1567 1136 1645; x_wconf 81' lang='lat' dir='ltr'><strong>vocabulum</strong></span> <span class='ocrx_word' id='word_1_81' title='bbox 1182 1567 1294 1640; x_wconf 85' lang='lat' dir='ltr'><strong>hic</strong></span> <span class='ocrx_word' id='word_1_82' title='bbox 1344 1566 1755 1666; x_wconf 88' lang='lat' dir='ltr'><strong>aptissimum</strong></span> <span class='ocrx_word' id='word_1_83' title='bbox 1805 1573 1932 1658; x_wconf 87' lang='lat' dir='ltr'><strong>est,</strong></span> <span class='ocrx_word' id='word_1_84' title='bbox 1984 1564 2362 1662; x_wconf 81' lang='lat' dir='ltr'><strong>significans</strong></span> <span class='ocrx_word' id='word_1_85' title='bbox 2398 1566 2629 1639; x_wconf 59' lang='lat' dir='ltr'><strong>abnuis</strong></span> <span class='ocrx_word' id='word_1_86' title='bbox 2662 1565 2983 1666; x_wconf 78' lang='lat' dir='ltr'><strong>longule.</strong></span> 
     </span>
     <span class='ocr_line' id='line_1_12' title="bbox 748 1666 2982 1771; baseline -0.002 -25"><span class='ocrx_word' id='word_1_87' title='bbox 748 1667 1082 1771; x_wconf 84' lang='lat' dir='ltr'><strong>Exempla</strong></span> <span class='ocrx_word' id='word_1_88' title='bbox 1152 1670 1360 1742; x_wconf 85' lang='lat' dir='ltr'><strong>huius</strong></span> <span class='ocrx_word' id='word_1_89' title='bbox 1411 1670 1672 1768; x_wconf 86' lang='lat' dir='ltr'><strong>generis</strong></span> <span class='ocrx_word' id='word_1_90' title='bbox 1752 1669 2031 1742; x_wconf 91' lang='lat' dir='ltr'><strong>contulit</strong></span> <span class='ocrx_word' id='word_1_91' title='bbox 2109 1666 2495 1744; x_wconf 87' lang='lat' dir='ltr'><strong>Lobeckius</strong></span> <span class='ocrx_word' id='word_1_92' title='bbox 2580 1670 2667 1744; x_wconf 88' lang='lat' dir='ltr'><strong>ad</strong></span> <span class='ocrx_word' id='word_1_93' title='bbox 2743 1669 2982 1766; x_wconf 85' lang='lat' dir='ltr'><strong>Phryn.</strong></span> 
     </span>
     <span class='ocr_line' id='line_1_13' title="bbox 748 1770 2985 1877; baseline -0.001 -28"><span class='ocrx_word' id='word_1_94' title='bbox 748 1802 821 1877; x_wconf 92' lang='lat' dir='ltr'><strong>p.</strong></span> <span class='ocrx_word' id='word_1_95' title='bbox 877 1779 1001 1849; x_wconf 83' lang='grc'><strong>93.</strong></span> <span class='ocrx_word' id='word_1_96' title='bbox 1074 1772 1248 1846; x_wconf 91' lang='grc'><strong>135.</strong></span> <span class='ocrx_word' id='word_1_97' title='bbox 1301 1798 1443 1872; x_wconf 86' lang='lat' dir='ltr'><strong>seq.</strong></span> <span class='ocrx_word' id='word_1_98' title='bbox 1561 1770 1707 1847; x_wconf 86' lang='lat' dir='ltr'><strong>Sed</strong></span> <span class='ocrx_word' id='word_1_99' title='bbox 1769 1796 1968 1871; x_wconf 83' lang='lat' dir='ltr'><strong>quum</strong></span> <span class='ocrx_word' id='word_1_100' title='bbox 2033 1772 2316 1871; x_wconf 86' lang='lat' dir='ltr'><strong>optimus</strong></span> <span class='ocrx_word' id='word_1_101' title='bbox 2381 1774 2596 1850; x_wconf 84' lang='lat' dir='ltr'><strong>codex</strong></span> <span class='ocrx_word' id='word_1_102' title='bbox 2661 1772 2985 1847; x_wconf 86' lang='lat' dir='ltr'><strong>Mediola-</strong></span> 
     </span>
     <span class='ocr_line' id='line_1_14' title="bbox 749 1874 2983 1977; baseline -0.001 -26"><span class='ocrx_word' id='word_1_103' title='bbox 749 1879 971 1951; x_wconf 87' lang='lat' dir='ltr'><strong>nensis</strong></span> <span class='ocrx_word' id='word_1_104' title='bbox 1023 1876 1395 1976; x_wconf 77' lang='grc' dir='ltr'><em>ἑκαστέρω</em></span> <span class='ocrx_word' id='word_1_105' title='bbox 1447 1876 1785 1975; x_wconf 83' lang='lat' dir='ltr'><strong>praebeat,</strong></span> <span class='ocrx_word' id='word_1_106' title='bbox 1838 1874 2064 1949; x_wconf 91' lang='lat' dir='ltr'><strong>nescio</strong></span> <span class='ocrx_word' id='word_1_107' title='bbox 2115 1898 2200 1947; x_wconf 89' lang='lat' dir='ltr'><strong>an</strong></span> <span class='ocrx_word' id='word_1_108' title='bbox 2251 1877 2595 1977; x_wconf 78' lang='lat' dir='ltr'><strong>scripserit</strong></span> <span class='ocrx_word' id='word_1_109' title='bbox 2660 1875 2983 1952; x_wconf 82' lang='lat' dir='ltr'><strong>Theocri-</strong></span> 
     </span>
     <span class='ocr_line' id='line_1_15' title="bbox 749 1979 2308 2080; baseline -0.001 -25"><span class='ocrx_word' id='word_1_110' title='bbox 749 1993 884 2076; x_wconf 76' lang='lat' dir='ltr'><strong>tuS,</strong></span> <span class='ocrx_word' id='word_1_111' title='bbox 934 1980 1030 2057; x_wconf 79' lang='grc' dir='ltr'><strong>τὺ</strong></span> <span class='ocrx_word' id='word_1_112' title='bbox 1084 1980 1167 2056; x_wconf 70' lang='grc' dir='ltr'><strong>δ’</strong></span> <span class='ocrx_word' id='word_1_113' title='bbox 1205 1984 1401 2080; x_wconf 76' lang='grc' dir='ltr'><strong><em>ἐμεῦ</em></strong></span> <span class='ocrx_word' id='word_1_114' title='bbox 1456 1980 1586 2079; x_wconf 64' lang='grc' dir='ltr'><strong>ἀφ’</strong></span> <span class='ocrx_word' id='word_1_115' title='bbox 1632 1979 2015 2077; x_wconf 76' lang='grc' dir='ltr'><em>ἑκαστέρω</em></span> <span class='ocrx_word' id='word_1_116' title='bbox 2067 1983 2308 2064; x_wconf 75' lang='grc' dir='ltr'><strong>οἰκεῖς.</strong></span> 
     </span>
    </p>

    <p class='ocr_par' dir='ltr' id='par_1_4' title="bbox 941 2081 2597 2182">
     <span class='ocr_line' id='line_1_16' title="bbox 941 2081 2597 2182; baseline -0.001 -24"><span class='ocrx_word' id='word_1_117' title='bbox 941 2082 1049 2168; x_wconf 82' lang='lat' dir='ltr'><strong>V.</strong></span> <span class='ocrx_word' id='word_1_118' title='bbox 1109 2089 1147 2156; x_wconf 92' lang='grc'>1</span> <span class='ocrx_word' id='word_1_119' title='bbox 1164 2090 1232 2157; x_wconf 94' lang='lat' dir='ltr'><strong>l.</strong></span> <span class='ocrx_word' id='word_1_120' title='bbox 1283 2082 1475 2157; x_wconf 82' lang='lat' dir='ltr'><strong>Haec</strong></span> <span class='ocrx_word' id='word_1_121' title='bbox 1526 2083 1628 2156; x_wconf 91' lang='lat' dir='ltr'><strong>sic</strong></span> <span class='ocrx_word' id='word_1_122' title='bbox 1680 2082 1933 2182; x_wconf 83' lang='lat' dir='ltr'><strong>scripta</strong></span> <span class='ocrx_word' id='word_1_123' title='bbox 1983 2081 2597 2156; x_wconf 89' lang='lat' dir='ltr'><strong>circumferuntur·</strong></span> <span class='ocrx_word' id='word_1_124' title='bbox 2548 2136 2571 2156; x_wconf 92' lang='lat'><strong>.</strong></span> 
     </span>
    </p>
   </div>
   <div class='ocr_carea' id='block_1_3' title="bbox 958 2217 2984 2326">
    <p class='ocr_par' dir='ltr' id='par_1_5' title="bbox 958 2217 2984 2326">
     <span class='ocr_line' id='line_1_17' title="bbox 958 2217 2984 2326; baseline 0.001 -30"><span class='ocrx_word' id='word_1_125' title='bbox 958 2228 1044 2296; x_wconf 89' lang='grc' dir='ltr'><strong>Γ.</strong></span> <span class='ocrx_word' id='word_1_126' title='bbox 1096 2221 1200 2321; x_wconf 82' lang='grc' dir='ltr'><strong>μὴ</strong></span> <span class='ocrx_word' id='word_1_127' title='bbox 1254 2221 1414 2326; x_wconf 77' lang='grc' dir='ltr'><em>λέγε</em></span> <span class='ocrx_word' id='word_1_128' title='bbox 1463 2219 1604 2298; x_wconf 83' lang='grc' dir='ltr'><strong>τὸν</strong></span> <span class='ocrx_word' id='word_1_129' title='bbox 1653 2217 1826 2298; x_wconf 82' lang='grc' dir='ltr'><em>τεὸν</em></span> <span class='ocrx_word' id='word_1_130' title='bbox 1882 2218 2160 2317; x_wconf 75' lang='grc' dir='ltr'><em>ἄνδρα,</em></span> <span class='ocrx_word' id='word_1_131' title='bbox 2214 2218 2426 2322; x_wconf 76' lang='grc' dir='ltr'><em>φίλα,</em></span> <span class='ocrx_word' id='word_1_132' title='bbox 2479 2219 2791 2302; x_wconf 87' lang='grc' dir='ltr'><em>Δίνωνα</em></span> <span class='ocrx_word' id='word_1_133' title='bbox 2838 2251 2984 2299; x_wconf 87' lang='grc' dir='ltr'><em>τοι-</em></span> 
     </span>
    </p>
   </div>
   <div class='ocr_carea' id='block_1_4' title="bbox 955 2351 2987 3043">
    <p class='ocr_par' dir='ltr' id='par_1_6' title="bbox 1987 2351 2187 2398">
     <span class='ocr_line' id='line_1_18' title="bbox 1987 2351 2187 2398; baseline 0.005 -1"><span class='ocrx_word' id='word_1_134' title='bbox 1987 2351 2187 2398; x_wconf 81' lang='grc' dir='ltr'><em>αντα</em></span> 
     </span>
    </p>

    <p class='ocr_par' dir='ltr' id='par_1_7' title="bbox 955 2419 2984 2604">
     <span class='ocr_line' id='line_1_19' title="bbox 955 2419 2984 2537; baseline 0.001 -35"><span class='ocrx_word' id='word_1_135' title='bbox 955 2435 1066 2502; x_wconf 81' lang='grc' dir='ltr'><strong>τῶ</strong></span> <span class='ocrx_word' id='word_1_136' title='bbox 1115 2435 1364 2528; x_wconf 82' lang='grc' dir='ltr'><em>μικκῶ</em></span> <span class='ocrx_word' id='word_1_137' title='bbox 1429 2419 1881 2528; x_wconf 76' lang='grc' dir='ltr'><em>παρεόντος·</em></span> <span class='ocrx_word' id='word_1_138' title='bbox 1949 2426 2130 2537; x_wconf 72' lang='grc' dir='ltr'><em>ὄρη,</em></span> <span class='ocrx_word' id='word_1_139' title='bbox 2194 2423 2455 2529; x_wconf 78' lang='grc' dir='ltr'><em>γύναι,</em></span> <span class='ocrx_word' id='word_1_140' title='bbox 2521 2428 2628 2530; x_wconf 69' lang='grc' dir='ltr'><strong>ᾡς</strong></span> <span class='ocrx_word' id='word_1_141' title='bbox 2693 2433 2984 2529; x_wconf 76' lang='grc' dir='ltr'><em>ποθορῃ</em></span> 
     </span>
     <span class='ocr_line' id='line_1_20' title="bbox 1980 2557 2078 2604; baseline -0.01 0"><span class='ocrx_word' id='word_1_142' title='bbox 1980 2557 2078 2604; x_wconf 85' lang='grc' dir='ltr'><strong>τυ</strong></span> 
     </span>
    </p>

    <p class='ocr_par' dir='ltr' id='par_1_8' title="bbox 958 2630 2985 2837">
     <span class='ocr_line' id='line_1_21' title="bbox 958 2630 2985 2764; baseline 0 -57"><span class='ocrx_word' id='word_1_143' title='bbox 958 2638 1063 2709; x_wconf 90' lang='grc' dir='ltr'><strong>Π.</strong></span> <span class='ocrx_word' id='word_1_144' title='bbox 1119 2630 1426 2735; x_wconf 74' lang='grc' dir='ltr'><em>θάρσει,</em></span> <span class='ocrx_word' id='word_1_145' title='bbox 1482 2630 1941 2732; x_wconf 82' lang='grc' dir='ltr'><em>Ζωπυρίων,</em></span> <span class='ocrx_word' id='word_1_146' title='bbox 1991 2630 2360 2764; x_wconf 77' lang='grc' dir='ltr'><em>γλυκερὸν</em></span> <span class='ocrx_word' id='word_1_147' title='bbox 2385 2634 2632 2721; x_wconf 83' lang='grc' dir='ltr'><em>τέκος·</em></span> <span class='ocrx_word' id='word_1_148' title='bbox 2688 2636 2780 2713; x_wconf 82' lang='grc' dir='ltr'><strong>οὕ</strong></span> <span class='ocrx_word' id='word_1_149' title='bbox 2808 2633 2985 2737; x_wconf 73' lang='grc' dir='ltr'><em>λέγω</em></span> 
     </span>
     <span class='ocr_line' id='line_1_22' title="bbox 1979 2731 2269 2837; baseline 0.007 -25"><span class='ocrx_word' id='word_1_150' title='bbox 1979 2731 2269 2837; x_wconf 76' lang='grc' dir='ltr'><em>απφύν.</em></span> 
     </span>
    </p>

    <p class='ocr_par' dir='ltr' id='par_1_9' title="bbox 956 2835 2987 3043">
     <span class='ocr_line' id='line_1_23' title="bbox 956 2835 2987 3019; baseline -0.001 -102"><span class='ocrx_word' id='word_1_151' title='bbox 956 2847 1043 2917; x_wconf 88' lang='grc' dir='ltr'><strong>Γ.</strong></span> <span class='ocrx_word' id='word_1_152' title='bbox 1099 2835 1556 2918; x_wconf 75' lang='grc' dir='ltr'><em>αἰσθανεται</em></span> <span class='ocrx_word' id='word_1_153' title='bbox 1606 2837 1696 2915; x_wconf 85' lang='grc' dir='ltr'><strong>τὸ</strong></span> <span class='ocrx_word' id='word_1_154' title='bbox 1748 2837 2067 3019; x_wconf 60' lang='grc' dir='ltr'><em>βρέφοςέ</em></span> <span class='ocrx_word' id='word_1_155' title='bbox 2113 2839 2247 2916; x_wconf 83' lang='grc' dir='ltr'><strong>ναὶ</strong></span> <span class='ocrx_word' id='word_1_156' title='bbox 2270 2838 2419 2916; x_wconf 80' lang='grc' dir='ltr'><strong>τὰν</strong></span> <span class='ocrx_word' id='word_1_157' title='bbox 2444 2837 2809 2920; x_wconf 81' lang='grc' dir='ltr'><em>πότνιαν·</em></span> <span class='ocrx_word' id='word_1_158' title='bbox 2856 2868 2987 2917; x_wconf 77' lang='grc' dir='ltr'><strong>κα·</strong></span> 
     </span>
     <span class='ocr_line' id='line_1_24' title="bbox 1984 2940 2444 3043; baseline 0.007 -26"><span class='ocrx_word' id='word_1_159' title='bbox 1984 2951 2026 3017; x_wconf 95' lang='grc' dir='ltr'><em>λ</em></span> <span class='ocrx_word' id='word_1_160' title='bbox 2072 2972 2110 3028; x_wconf 88' lang='grc' dir='ltr'><em>ς</em></span> <span class='ocrx_word' id='word_1_161' title='bbox 2164 2940 2444 3043; x_wconf 80' lang='grc' dir='ltr'><em>ἅπφύς.</em></span> 
     </span>
    </p>
   </div>
   <div class='ocr_carea' id='block_1_5' title="bbox 721 3073 2987 3803">
    <p class='ocr_par' dir='ltr' id='par_1_10' title="bbox 721 3073 2987 3803">
     <span class='ocr_line' id='line_1_25' title="bbox 746 3073 2986 3177; baseline 0.001 -25"><span class='ocrx_word' id='word_1_162' title='bbox 746 3078 844 3154; x_wconf 89' lang='lat' dir='ltr'><strong>At</strong></span> <span class='ocrx_word' id='word_1_163' title='bbox 891 3073 1269 3155; x_wconf 80' lang='lat' dir='ltr'><strong>iracundior</strong></span> <span class='ocrx_word' id='word_1_164' title='bbox 1317 3089 1422 3154; x_wconf 89' lang='lat' dir='ltr'><strong>est</strong></span> <span class='ocrx_word' id='word_1_165' title='bbox 1467 3075 1834 3172; x_wconf 84' lang='lat' dir='ltr'><strong>Praxiuoa,</strong></span> <span class='ocrx_word' id='word_1_166' title='bbox 1888 3104 2083 3177; x_wconf 88' lang='lat' dir='ltr'><strong>quam</strong></span> <span class='ocrx_word' id='word_1_167' title='bbox 2132 3089 2209 3154; x_wconf 91' lang='lat' dir='ltr'><strong>ut</strong></span> <span class='ocrx_word' id='word_1_168' title='bbox 2251 3105 2433 3157; x_wconf 88' lang='lat' dir='ltr'><strong>nunc</strong></span> <span class='ocrx_word' id='word_1_169' title='bbox 2446 3127 2471 3175; x_wconf 82' lang='lat'>‚</span> <span class='ocrx_word' id='word_1_170' title='bbox 2527 3082 2683 3157; x_wconf 92' lang='lat' dir='ltr'><strong>dum</strong></span> <span class='ocrx_word' id='word_1_171' title='bbox 2731 3083 2801 3155; x_wconf 90' lang='lat' dir='ltr'><strong>in</strong></span> <span class='ocrx_word' id='word_1_172' title='bbox 2847 3102 2986 3155; x_wconf 85' lang='lat' dir='ltr'><strong>ma-</strong></span> 
     </span>
     <span class='ocr_line' id='line_1_26' title="bbox 746 3183 2986 3282; baseline -0.001 -25"><span class='ocrx_word' id='word_1_173' title='bbox 746 3185 860 3257; x_wconf 88' lang='lat' dir='ltr'><strong>riti</strong></span> <span class='ocrx_word' id='word_1_174' title='bbox 922 3208 1141 3257; x_wconf 91' lang='lat' dir='ltr'><strong>mores</strong></span> <span class='ocrx_word' id='word_1_175' title='bbox 1202 3183 1568 3275; x_wconf 84' lang='lat' dir='ltr'><strong>invehitur,</strong></span> <span class='ocrx_word' id='word_1_176' title='bbox 1634 3183 1871 3255; x_wconf 85' lang='lat' dir='ltr'><strong>blande</strong></span> <span class='ocrx_word' id='word_1_177' title='bbox 1954 3184 2324 3280; x_wconf 83' lang='lat' dir='ltr'><strong>alloquatur</strong></span> <span class='ocrx_word' id='word_1_178' title='bbox 2403 3209 2721 3282; x_wconf 73' lang='lat' dir='ltr'><strong>puerumx</strong></span> <span class='ocrx_word' id='word_1_179' title='bbox 2796 3187 2986 3278; x_wconf 78' lang='lat' dir='ltr'><strong>immo</strong></span> 
     </span>
     <span class='ocr_line' id='line_1_27' title="bbox 721 3284 2987 3386; baseline 0 -27"><span class='ocrx_word' id='word_1_180' title='bbox 721 3309 899 3363; x_wconf 68' lang='lat' dir='ltr'><strong>‘eum</strong></span> <span class='ocrx_word' id='word_1_181' title='bbox 948 3311 1033 3359; x_wconf 89' lang='lat' dir='ltr'><strong>ne</strong></span> <span class='ocrx_word' id='word_1_182' title='bbox 1085 3293 1277 3359; x_wconf 86' lang='lat' dir='ltr'><strong>curat</strong></span> <span class='ocrx_word' id='word_1_183' title='bbox 1327 3284 1610 3382; x_wconf 86' lang='lat' dir='ltr'><strong>quidem.</strong></span> <span class='ocrx_word' id='word_1_184' title='bbox 1719 3284 1903 3359; x_wconf 92' lang='lat' dir='ltr'><strong>Tum</strong></span> <span class='ocrx_word' id='word_1_185' title='bbox 1954 3294 2169 3360; x_wconf 88' lang='lat' dir='ltr'><strong>autem</strong></span> <span class='ocrx_word' id='word_1_186' title='bbox 2221 3288 2514 3386; x_wconf 87' lang='lat' dir='ltr'><strong>ineptum</strong></span> <span class='ocrx_word' id='word_1_187' title='bbox 2568 3298 2673 3364; x_wconf 89' lang='lat' dir='ltr'><strong>est</strong></span> <span class='ocrx_word' id='word_1_188' title='bbox 2723 3285 2987 3384; x_wconf 82' lang='lat' dir='ltr'><strong>Gorgo-</strong></span> 
     </span>
     <span class='ocr_line' id='line_1_28' title="bbox 750 3383 2987 3520; baseline -0.001 -59"><span class='ocrx_word' id='word_1_189' title='bbox 750 3414 901 3462; x_wconf 87' lang='lat' dir='ltr'><strong>nem</strong></span> <span class='ocrx_word' id='word_1_190' title='bbox 951 3389 1171 3462; x_wconf 91' lang='lat' dir='ltr'><strong>dicere</strong></span> <span class='ocrx_word' id='word_1_191' title='bbox 1226 3383 1684 3464; x_wconf 76' lang='grc' dir='ltr'><em>αἰσθάνεται</em></span> <span class='ocrx_word' id='word_1_192' title='bbox 1732 3386 1819 3463; x_wconf 87' lang='grc' dir='ltr'><strong>τὸ</strong></span> <span class='ocrx_word' id='word_1_193' title='bbox 1873 3389 2185 3520; x_wconf 79' lang='grc' dir='ltr'><em>βρέφος,</em></span> <span class='ocrx_word' id='word_1_194' title='bbox 2237 3415 2404 3488; x_wconf 89' lang='lat' dir='ltr'><strong>quae</strong></span> <span class='ocrx_word' id='word_1_195' title='bbox 2454 3391 2649 3467; x_wconf 92' lang='lat' dir='ltr'><strong>modo</strong></span> <span class='ocrx_word' id='word_1_196' title='bbox 2699 3392 2870 3465; x_wconf 88' lang='lat' dir='ltr'><strong>idem</strong></span> <span class='ocrx_word' id='word_1_197' title='bbox 2895 3388 2987 3460; x_wconf 88' lang='lat' dir='ltr'><strong>si-</strong></span> 
     </span>
     <span class='ocr_line' id='line_1_29' title="bbox 752 3489 2987 3594; baseline 0 -30"><span class='ocrx_word' id='word_1_198' title='bbox 752 3490 1176 3590; x_wconf 79' lang='lat' dir='ltr'><strong>gnificaverat</strong></span> <span class='ocrx_word' id='word_1_199' title='bbox 1223 3492 1324 3563; x_wconf 88' lang='lat' dir='ltr'><strong>his</strong></span> <span class='ocrx_word' id='word_1_200' title='bbox 1376 3490 1591 3564; x_wconf 82' lang='lat' dir='ltr'><strong>verbis</strong></span> <span class='ocrx_word' id='word_1_201' title='bbox 1646 3519 1811 3587; x_wconf 84' lang='grc' dir='ltr'><em>ορη,</em></span> <span class='ocrx_word' id='word_1_202' title='bbox 1861 3490 2118 3593; x_wconf 76' lang='grc' dir='ltr'><em>γύναι,</em></span> <span class='ocrx_word' id='word_1_203' title='bbox 2171 3492 2275 3578; x_wconf 80' lang='grc' dir='ltr'><strong>ὥς</strong></span> <span class='ocrx_word' id='word_1_204' title='bbox 2323 3499 2628 3594; x_wconf 71' lang='grc' dir='ltr'><em>ποθορῇ</em></span> <span class='ocrx_word' id='word_1_205' title='bbox 2678 3524 2796 3572; x_wconf 89' lang='grc' dir='ltr'><strong>τυ.</strong></span> <span class='ocrx_word' id='word_1_206' title='bbox 2845 3489 2987 3565; x_wconf 85' lang='lat' dir='ltr'><strong>Ve-</strong></span> 
     </span>
     <span class='ocr_line' id='line_1_30' title="bbox 750 3594 2984 3696; baseline -0 -27"><span class='ocrx_word' id='word_1_207' title='bbox 750 3620 897 3669; x_wconf 89' lang='lat' dir='ltr'><strong>ram</strong></span> <span class='ocrx_word' id='word_1_208' title='bbox 942 3596 1262 3669; x_wconf 86' lang='lat' dir='ltr'><strong>rationem</strong></span> <span class='ocrx_word' id='word_1_209' title='bbox 1310 3602 1633 3669; x_wconf 88' lang='lat' dir='ltr'><strong>monstrat</strong></span> <span class='ocrx_word' id='word_1_210' title='bbox 1681 3595 1795 3668; x_wconf 90' lang='lat' dir='ltr'><strong>ille</strong></span> <span class='ocrx_word' id='word_1_211' title='bbox 1858 3596 2143 3696; x_wconf 91' lang='lat' dir='ltr'><strong>optimus</strong></span> <span class='ocrx_word' id='word_1_212' title='bbox 2194 3598 2409 3672; x_wconf 83' lang='lat' dir='ltr'><strong>codex</strong></span> <span class='ocrx_word' id='word_1_213' title='bbox 2453 3594 2984 3683; x_wconf 78' lang='lat' dir='ltr'><strong>Mediolanensis,</strong></span> 
     </span>
     <span class='ocr_line' id='line_1_31' title="bbox 753 3697 2061 3803; baseline 0.004 -35"><span class='ocrx_word' id='word_1_214' title='bbox 753 3698 823 3768; x_wconf 89' lang='lat' dir='ltr'><strong>in</strong></span> <span class='ocrx_word' id='word_1_215' title='bbox 875 3723 1004 3796; x_wconf 90' lang='lat' dir='ltr'><strong>quo</strong></span> <span class='ocrx_word' id='word_1_216' title='bbox 1054 3722 1189 3772; x_wconf 92' lang='lat' dir='ltr'><strong>non</strong></span> <span class='ocrx_word' id='word_1_217' title='bbox 1239 3698 1453 3803; x_wconf 77' lang='grc' dir='ltr'><em>λέγω,</em></span> <span class='ocrx_word' id='word_1_218' title='bbox 1505 3697 1625 3772; x_wconf 91' lang='lat' dir='ltr'><strong>sed</strong></span> <span class='ocrx_word' id='word_1_219' title='bbox 1677 3699 1865 3803; x_wconf 75' lang='grc' dir='ltr'><em>λέγει</em></span> <span class='ocrx_word' id='word_1_220' title='bbox 1918 3708 2061 3773; x_wconf 82' lang='lat' dir='ltr'><strong>est=</strong></span> 
     </span>
    </p>
   </div>
   <div class='ocr_carea' id='block_1_6' title="bbox 961 3834 2987 4562">
    <p class='ocr_par' dir='ltr' id='par_1_11' title="bbox 962 3834 2987 3941">
     <span class='ocr_line' id='line_1_32' title="bbox 962 3834 2987 3941; baseline -0.002 -30"><span class='ocrx_word' id='word_1_221' title='bbox 962 3842 1050 3912; x_wconf 91' lang='grc' dir='ltr'><strong>Γ.</strong></span> <span class='ocrx_word' id='word_1_222' title='bbox 1102 3865 1207 3935; x_wconf 85' lang='grc' dir='ltr'><strong>μη</strong></span> <span class='ocrx_word' id='word_1_223' title='bbox 1258 3836 1420 3941; x_wconf 76' lang='grc' dir='ltr'><em>λέγε</em></span> <span class='ocrx_word' id='word_1_224' title='bbox 1467 3834 1611 3913; x_wconf 86' lang='grc' dir='ltr'><strong>τὸν</strong></span> <span class='ocrx_word' id='word_1_225' title='bbox 1656 3835 1834 3915; x_wconf 80' lang='grc' dir='ltr'><em>τεὸν</em></span> <span class='ocrx_word' id='word_1_226' title='bbox 1890 3836 2170 3939; x_wconf 74' lang='grc' dir='ltr'><em>ἄνδρα,</em></span> <span class='ocrx_word' id='word_1_227' title='bbox 2223 3837 2433 3939; x_wconf 83' lang='grc' dir='ltr'><em>φίλα,</em></span> <span class='ocrx_word' id='word_1_228' title='bbox 2486 3838 2794 3917; x_wconf 88' lang='grc' dir='ltr'><em>Δίνωνα</em></span> <span class='ocrx_word' id='word_1_229' title='bbox 2844 3861 2987 3913; x_wconf 84' lang='grc' dir='ltr'><strong>τοι·</strong></span> 
     </span>
    </p>

    <p class='ocr_par' dir='ltr' id='par_1_12' title="bbox 962 3951 2982 4180">
     <span class='ocr_line' id='line_1_33' title="bbox 962 3951 2982 4180; baseline -0.004 -61"><span class='ocrx_word' id='word_1_230' title='bbox 962 4051 1074 4122; x_wconf 80' lang='grc' dir='ltr'><strong>τῶ</strong></span> <span class='ocrx_word' id='word_1_231' title='bbox 1101 4051 1345 4142; x_wconf 81' lang='grc' dir='ltr'><em>μικκῶ</em></span> <span class='ocrx_word' id='word_1_232' title='bbox 1368 4040 1822 4154; x_wconf 83' lang='grc' dir='ltr'><em>παρεόντος·</em></span> <span class='ocrx_word' id='word_1_233' title='bbox 1872 3951 2333 4180; x_wconf 41' lang='lat' dir='ltr'><strong>dogmat,</strong></span> <span class='ocrx_word' id='word_1_234' title='bbox 2396 4045 2502 4132; x_wconf 78' lang='grc' dir='ltr'><strong>ὥς</strong></span> <span class='ocrx_word' id='word_1_235' title='bbox 2543 4047 2843 4143; x_wconf 74' lang='grc' dir='ltr'><em>ποθορῇ</em></span> <span class='ocrx_word' id='word_1_236' title='bbox 2871 4066 2982 4113; x_wconf 87' lang='grc' dir='ltr'><strong>τυ</strong></span> 
     </span>
    </p>

    <p class='ocr_par' dir='ltr' id='par_1_13' title="bbox 961 4141 2983 4281">
     <span class='ocr_line' id='line_1_34' title="bbox 961 4141 2983 4281; baseline -0.001 -59"><span class='ocrx_word' id='word_1_237' title='bbox 961 4144 1278 4249; x_wconf 77' lang='grc' dir='ltr'><em>θάρσει,</em></span> <span class='ocrx_word' id='word_1_238' title='bbox 1357 4141 1827 4252; x_wconf 80' lang='grc' dir='ltr'><em>Ζωπυρίων,</em></span> <span class='ocrx_word' id='word_1_239' title='bbox 1902 4149 2276 4281; x_wconf 76' lang='grc' dir='ltr'><em>γλυκερὸν</em></span> <span class='ocrx_word' id='word_1_240' title='bbox 2333 4149 2739 4234; x_wconf 83' lang='grc' dir='ltr'><em>τέκος·οὐ</em></span> <span class='ocrx_word' id='word_1_241' title='bbox 2803 4142 2983 4252; x_wconf 74' lang='grc' dir='ltr'><em>λέγει</em></span> 
     </span>
    </p>

    <p class='ocr_par' dir='ltr' id='par_1_14' title="bbox 967 4249 2977 4562">
     <span class='ocr_line' id='line_1_35' title="bbox 967 4249 2977 4458; baseline -0.001 -33"><span class='ocrx_word' id='word_1_242' title='bbox 967 4356 1072 4426; x_wconf 93' lang='grc' dir='ltr'><strong>Π.</strong></span> <span class='ocrx_word' id='word_1_243' title='bbox 1144 4347 1596 4432; x_wconf 72' lang='grc' dir='ltr'><em>αἰσθάνεται</em></span> <span class='ocrx_word' id='word_1_244' title='bbox 1673 4357 1777 4433; x_wconf 85' lang='grc' dir='ltr'><strong>τὸ’</strong></span> <span class='ocrx_word' id='word_1_245' title='bbox 1734 4249 2344 4458; x_wconf 56' lang='grc' dir='ltr'><strong>’βρέφοίῖφύῖναὶ</strong></span> <span class='ocrx_word' id='word_1_246' title='bbox 2418 4356 2565 4434; x_wconf 89' lang='grc' dir='ltr'><strong>ταν</strong></span> <span class='ocrx_word' id='word_1_247' title='bbox 2641 4351 2977 4433; x_wconf 75' lang='grc' dir='ltr'><em>πότνιαν</em></span> 
     </span>
     <span class='ocr_line' id='line_1_36' title="bbox 1985 4456 2682 4562; baseline 0.004 -28"><span class='ocrx_word' id='word_1_248' title='bbox 1985 4465 2073 4535; x_wconf 92' lang='grc' dir='ltr'><strong>Γ.</strong></span> <span class='ocrx_word' id='word_1_249' title='bbox 2128 4457 2355 4546; x_wconf 79' lang='grc' dir='ltr'><em>καλὸς</em></span> <span class='ocrx_word' id='word_1_250' title='bbox 2404 4456 2682 4562; x_wconf 67' lang='grc' dir='ltr'><em>απφίς.</em></span> 
     </span>
    </p>
   </div>
  </div>
 </body>
</html>
