3275 5317
959 490 1379 559 PlchRA
1418 489 1937 558 PAmE'rvM.
2397 488 2532 561 228

282 656 463 733 renis
510 655 730 729 verbis
781 654 853 726 in
901 651 1183 727 Verrem
1233 648 1364 729 IV.
1416 651 1544 727 55.
1581 674 1865 751 pugna
1929 661 2113 726 erat
2172 651 2529 749 Agatho-

282 759 394 832 cli
431 757 646 880 reg-0⁹⁸
693 782 781 829 m
830 755 1113 830 nbula}
1144 755 1376 855 picta
1409 756 1872 857 praeclare.
1922 755 2045 830 his
2087 768 2350 830 autem
2401 769 2531 831 ta-

285 862 479 935 bulis
555 860 967 934 interm-es
1044 859 1317 960 templo
1362 859 1719 963 parietes
1805 860 2363 935 vestiebantur.
2463 873 2568 936 et·

283 968 504 1066 paullo
571 973 766 1065 post·
864 963 1155 1057 viginti
1211 974 1295 1036 et
1373 974 1661 1067 septem
1787 975 2152 1039 meten-ea
2228 964 2534 1039 tabulas

267 1068 745 1170 pulcerrime
788 1068 1046 1168 picta
1096 1090 1198 1140 ex
1246 1065 1516 1141 eadem
1579 1092 1674 1140 ae
1836 1068 2173 1143 sustulit.
2291 1068 2536 1144 Lucu-

198 1175 464 1248 -lenta
540 1196 701 1246 sane
775 1172 941 1247 haec
990 1181 1060 1246 et
1120 1173 1347 1269 gravia
1410 1180 1565 1246 sunt
1626 1172 2039 1247 testimonia.
2119 1172 2238 1246 scd
2311 1180 2536 1247 tamen

285 1301 528 1377 operae
577 1261 860 1377 pretium
922 1283 1029 1349 est
1091 1276 1312 1349 videre
1377 1274 1532 1373 quid
1594 1284 1941 1350 testentur.
2069 1274 2140 1349 A
2205 1273 2535 1350 Cicerone

285 1381 687 1479 accipimus,
742 1377 1100 1476 Syracusis
1180 1379 1250 1450 in
1320 1379 1484 1452 aede
1548 1378 1893 1453 Minervae
1954 1380 2196 1453 tabulis
2257 1380 2535 1453 vestitos

284 1484 491 1555 fuisse
542 1484 855 1581 parietes,
909 1505 1105 1580 quas
1135 1481 1390 1554 tabulas
1456 1482 1803 1555 sustulisse
1865 1480 2171 1557 Vcn'cm.
2286 1479 2386 1556 At
2450 1506 2546 1556 co.

284 1611 419 1659 non
471 1586 756 1659 efficitur
802 1607 1121 1683 nusquam
1171 1585 1354 1686 ipsos
1416 1586 1634 1684 pictos
1701 1610 1849 1659 esse
1910 1587 2237 1685 parietes.
2305 1586 2534 1684 quales

284 1685 1850 1913 memmimus.
1833 1689 2537 1867 εεέεέ

285 1904 535 1988 antem,
588 1896 650 1967 si
698 1918 832 1968 non
880 1894 1045 1986 illic,
1099 1901 1170 1967 at
1218 1893 1413 1984 alibi,
1479 1895 1708 1968 nescio
1776 1884 1862 1989 ar}
1928 1920 2032 1969 ex·
2078 1895 2243 1995 ipsis
2310 1894 2532 1992 colligi

282 1999 500 2099 possit
549 1998 766 2071 verbis
820 1995 1189 2073 Ciceronis.
1316 1994 1492 2070 Nam
1568 2020 1693 2071 cur
1765 2016 1935 2096 opus
2010 1998 2237 2072 habuit
2311 1998 2534 2071 dice're

270 2125 558 2204 pugna
607 2110 791 2173 erat
832 2098 1256 2194 Agathocli
1294 2099 1507 2194 regis
1554 2098 1643 2171 iu
1706 2099 1990 2173 tabulis
2020 2101 2252 2200 picta
2284 2124 2535 2200 prae-

285 2206 528 2299 clare,
582 2206 712 2277 nisi
762 2205 916 2302 quia
964 2204 1181 2305 potuit
1248 2227 1328 2276 ea
1391 2227 1613 2302 pugna
1678 2205 1877 2278 etiam
1938 2228 2072 2279 non
2131 2206 2204 2278 in
2265 2205 2534 2302 tabulis,

286 2310 408 2383 sed
456 2310 529 2380 in
577 2309 724 2407 ipso
774 2308 1028 2406 pariete
1078 2330 1225 2380 esse
1273 2301 1509 2405 picta?
1629 2304 1730 2381 At
1777 2308 1888 2382 liic
1950 2307 2240 2381 Plinium
2291 2308 2538 2407 opponi

286 2412 502 2506 video,
556 2413 669 2509 qui
718 2419 914 2507 neget
961 2435 1210 2484 morem
1273 2411 1478 2484 fuisse
1489 2461 1517 2504 ,
1595 2411 1884 2508 parietes
1945 2420 2027 2485 ut
2084 2413 2534 2534 pingerentur.

286 2514 593 2614 Negatne
641 2539 798 2588 vero
817 2507 856 2587 Ρ
958 2512 1114 2588 Non
1165 2514 1578 2588 crediderim.
1697 2512 1873 2588 Nam
1935 2515 2147 2614 primo
2165 2567 2190 2608 ,
2257 2515 2319 2589 si
2380 2516 2539 2588 nul-

286 2621 421 2693 lam
473 2618 750 2716 gloriam
797 2617 1002 2690 fuisse
1053 2617 1216 2691 dicit
1265 2616 1588 2691 artificum
1602 2669 1628 2710 ,
1719 2618 1849 2689 nisi
1900 2619 2013 2716 qui
2076 2619 2332 2692 tabulas
2380 2620 2538 2718 pin-

286 2722 536 2814 xerint,
588 2722 790 2794 fuisse
808 2728 1095 2822 oportet,
1149 2719 1262 2818 qui
1286 2719 1461 2817 quod
1507 2743 1640 2793 non
1666 2720 2002 2817 pinxerint
2029 2720 2314 2814 tabulas,
2343 2746 2540 2795 man-

289 2828 498 2899 serint
547 2825 835 2898 obscuri.
942 2820 1244 2921 Opponit
1294 2830 1513 2895 antem
1560 2823 1929 2895 tabularum
1978 2824 2266 2943 pictores
2312 2825 2539 2923 picto-

288 2931 471 3002 ribus
522 2929 887 3027 parietum·
939 2927 1203 2998 fuerunt
1253 2948 1410 3020 ergo
1462 2925 1574 3023 qui
1622 2926 1909 3023 parietes
1957 2927 2340 3047 pingerent,
2419 2929 2539 3002 sed

289 3034 546 3106 minore
569 3031 769 3123 fama,
824 3030 974 3104 etsi
996 3029 1109 3127 qui
1146 3030 1214 3100 in
1249 3037 1528 3126 utroque
1577 3053 1818 3125 genere
1867 3030 2109 3102 versati
2160 3038 2372 3123 erant,
2424 3039 2538 3105 ta-

288 3137 461 3209 bulis
511 3136 727 3232 magis
776 3158 969 3232 quam
1033 3132 1390 3230 parietibus
1440 3132 1638 3230 pictis
1689 3131 2080 3206 inclaruere.
2185 3131 2538 3207 Caeterum

291 3241 405 3338 qui
454 3238 712 3312 tabulas
760 3239 1152 3336 pinxerunt,
1207 3243 1392 3310 certo
1442 3259 1583 3309 non
1626 3235 2003 3333 cogitabant
2067 3235 2150 3309 de
2213 3237 2366 3334 igne
2431 3240 2540 3311 vi-

287 3342 518 3435 tando,
574 3365 616 3413 a
665 3365 793 3438 quo
841 3365 927 3414 nc
976 3341 1220 3437 templa
1270 3338 1530 3437 quidem
1578 3346 1724 3412 tuta
1771 3338 1976 3411 fuisse
1989 3391 2017 3432 ,
2067 3342 2540 3438 permultormn

291 3445 579 3520 ostendit
644 3442 1148 3541 deflagratormn
1211 3443 1526 3516 memoria
1583 3441 1979 3540 templorum
2042 3444 2217 3542 apud
2277 3443 2543 3518 Pausa-
2602 3439 2611 3446 ’

291 3551 491 3621 nim.
613 3543 895 3621 Scilicet
957 3544 1215 3618 Plinius
1279 3546 1679 3644 privatarum
1760 3544 2016 3618 aedium
2084 3547 2372 3645 parietes
2432 3548 2540 3621 vel

291 3650 572 3750 picturis
622 3650 884 3723 tectorii
931 3650 1038 3722 vel
1096 3650 1433 3748 impressis
1482 3647 1781 3723 affixisve
1853 3648 2092 3722 tabulis
2157 3650 2378 3723 ornari
2425 3650 2541 3723 in·

294 3757 563 3853 dignum
627 3753 960 3826 iudicabat
973 3805 1000 3846 ,
1067 3754 1241 3851 quod
1304 3753 1404 3826 sic
1468 3761 1539 3826 et
1602 3752 2064 3826 delitescerent
2126 3761 2540 3851 praestantes

294 3861 597 3958 picturae
648 3864 716 3931 et
768 3880 967 3955 saepe
1016 3857 1309 3954 perirent
1355 3855 1703 3929 incendiis.
1806 3853 2113 3928 Pictores
2164 3857 2330 3929 alias
2382 3881 2538 3931 cre-

294 3963 377 4036 do
429 3971 501 4036 et
551 3960 713 4034 satis
762 3960 1034 4033 idoneas
1106 3983 1378 4032 caussas
1443 3958 1787 4051 habuisse,
1871 3959 2106 4056 quibus
2172 3959 2382 4055 magis
2448 3958 2537 4031 ad

294 4065 553 4140 tnbubs
602 4063 963 4162 pingendas
1015 4063 1481 4136 invitarentur.
1461 4086 1484 4104 ·
1533 4063 1874 4137 materiam
1922 4062 2085 4157 ligni
2115 4060 2288 4134 baud
2312 4061 2537 4160 paullo
2635 4098 2644 4105 ·

296 4193 491 4267 qnam
539 4167 803 4241 tectodi
853 4175 922 4240 et
968 4166 1481 4241 tractabiliorem
1531 4174 1600 4239 et
1651 4166 2027 4238 subtilitatis
2093 4164 2361 4237 maioris
2413 4188 2538 4239 ca-
2661 4164 2690 4191 ‘

296 4296 555 4370 pacem,
608 4279 749 4344 tum
798 4270 997 4343 etiam
1059 4270 1570 4359 diuturniorem,
1636 4269 2018 4341 facilitatem
2066 4267 2377 4366 pingendi
2423 4275 2538 4341 ta-

299 4375 517 4448 bulam
564 4375 639 4447 in
686 4372 991 4447 machina
1061 4373 1399 4447 commode
1449 4372 1767 4471 positam,
1832 4370 2368 4469 tranquiffitatem
2418 4371 2537 4445 otii

301 4478 641 4555 domestici
717 4476 806 4551 ad
881 4475 1342 4550 elaborandum
1416 4473 2075 4578 perpoliendumqne3
2155 4475 2538 4574 plerumque
