3275 5317
710 432 800 500 60
1222 434 1345 497 DE
1388 431 2436 499 INTERPOLATIONIBVS

710 621 859 671 sese
908 595 1263 673 oblectant.
1377 594 1690 671 Vulneris
1752 594 1935 668 nulla
2015 620 2211 689 cura3
2288 595 2488 670 immo
2551 618 2645 668 ne
2711 594 2963 670 mentio

709 701 970 877 {lngidem
984 752 1017 796 2
1098 696 1228 772 nisi
1318 698 1531 776 obiter
1602 724 1669 773 v.
1766 702 1943 772 649.
2035 699 2147 774 ubi
2234 696 2597 773 Patroclus·
2683 696 2964 773 Nestori

915 937 1225 1028 αἰδοῖος,
1276 934 1703 1038 νεμεσητός,
1757 938 1801 1015 3
1849 968 1945 1034 με
1994 938 2303 1037 προέηκε
2351 935 2763 1015 πυθέσθαι

914 1044 1179 1120 ὅντινα
1205 1052 1482 1120 τοῦτον
1503 1044 1739 1172 ἄγεις
1774 1042 2283 1142 βεβλημένον·
2339 1041 2526 1118 ἀλλὰ
2557 1071 2696 1117 και
2726 1041 2962 1128 αὐτὸς

910 1143 1335 1251 γιγνώσκω,
1387 1141 1587 1247 ὁρόω
1640 1145 1726 1221 δὲ
1778 1144 2194 1242 Μαχάονα,
2247 1148 2569 1246 ποιμένα
2625 1154 2869 1256 λαῷν.

621 1333 629 1339 ·
706 1293 776 1359 ct
823 1309 890 1360 v.
943 1288 1119 1359 662.
1170 1283 1285 1357 ubi
1332 1283 1646 1359 Patroclo
1693 1284 2046 1383 respondet
2092 1282 2375 1358 Nestor.

909 1433 1187 1499 τοῦτον
1237 1419 1324 1497 <5³
1382 1423 1612 1499 ἄλλον
1664 1418 1810 1524 ἐγω
1862 1422 2040 1498 νέον
2087 1423 2381 1526 ἤγαγον
2431 1424 2514 1499 ἐκ
2540 1377 2905 1523 πολέμοιο

914 1532 1006 1630 ἰῷ
1059 1523 1207 1601 ἀπὸ
1259 1533 1528 1624 νευρῆς
1575 1525 2068 1624 βεβλημένον.

702 1660 939 1762 Neque
987 1688 1143 1737 vero
1193 1661 1389 1758 infra,
1442 1660 1646 1735 XIV.
1708 1662 1961 1736 1—8.
2014 1661 2126 1734 ubi
2174 1662 2272 1735 illi
2319 1662 2517 1736 etiam
2568 1687 2789 1761 usque
2843 1688 2959 1738 se-

709 1766 865 1840 dent
915 1774 983 1840 et
1029 1767 1281 1858 bibunt,
1335 1766 1683 1888 quidquam
1733 1765 1814 1839 de
1863 1765 2168 1839 vulnere.
2219 1790 2343 1840 nec
2369 1764 2576 1840 XVI.
2613 1768 2957 1843 25—27.

614 1874 1106 1949 lOmemoratur
1165 1868 1451 1943 Machao
1514 1869 1602 1940 iu
1650 1868 2004 1943 vulneratis
2018 1920 2045 1963 ,
2124 1869 2322 1942 ἰιιιιιιο
2390 1892 2631 1942 curare
2698 1871 2959 1945 videtur

700 1974 970 2047 vulnera
1032 1973 1349 2066 aliorum,
1433 1972 1494 2045 si
1545 1971 1806 2072 quidem
1865 1971 1938 2044 in
2007 1972 2278 2047 medicis
2345 1980 2448 2046 est
2459 2024 2486 2067 ,
2579 1973 2666 2047 de
2721 1972 2956 2075 quibus

699 2102 769 2151 v.
820 2080 946 2151 28.
1000 2076 1277 2149 dicitur·

907 2212 1084 2298 τοὺς
1134 2212 1275 2311 μέν
1323 2211 1387 2288 τ’
1441 2212 1685 2314 ἰητροὶ
1732 2208 2323 2315 πολυφάρμακοι
2386 2213 2954 2315 ἀμφιπένονται

907 2318 1063 2392 ἕλκέ
1115 2312 1561 2417 ἄκειάμενοι.

702 2452 942 2530 Torsit
988 2478 1071 2527 ea
1118 2479 1228 2527 res
1278 2453 1408 2526 iam
1446 2462 1714 2528 veteres
1763 2453 2182 2552 interpretes,
2231 2461 2307 2528 ut
2357 2453 2606 2528 fuerint
2658 2454 2773 2553 qui
2822 2478 2950 2527 ne-

699 2566 936 2656 garent
984 2558 1389 2631 vulneratum
1439 2579 1584 2630 esse
1649 2557 2123 2630 Machaonem.
2191 2582 2256 2631 v.
2323 2556 2531 2631 schol.
2602 2557 2691 2630 ad
2742 2554 2948 2630 XVI.

704 2660 831 2734 25.
885 2658 1196 2756 Eustath.
1250 2685 1320 2759 p.
1375 2664 1553 2753 870,
1609 2663 1734 2735 37.
1790 2663 1968 2753 872,
2023 2637 2148 2734 24.
2252 2653 2473 2757 Magis
2524 2662 2699 2733 mira
2750 2670 2947 2758 atque

697 2764 873 2837 inter
922 2788 995 2837 se
1047 2764 1485 2862 discrepantia
1550 2771 1704 2836 sunt
1767 2764 1922 2837 alia.
2021 2762 2410 2855 Patroclus,
2476 2763 2592 2836 ubi
2659 2789 2749 2837 ex
2798 2762 2948 2836 Ne-

701 2875 880 2941 store
930 2867 1248 2965 quaesivit
1297 2868 1442 2965 quis
1490 2867 1603 2940 ille
1654 2867 1916 2941 saucius
1969 2866 2080 2959 sit,
2134 2867 2477 2940 confestim
2502 2867 2727 2939 redire
2779 2866 2944 2959 vult,

698 2995 785 3043 ne
832 2971 1159 3043 irascatur
1222 2996 1355 3044 non
1418 2972 1639 3044 statim
1704 2970 2003 3043 redeunti
2049 2966 2369 3042 Achilles.
2486 2965 2584 3040 At
2650 2977 2947 3043 moratur

700 3097 853 3147 eum
900 3071 1148 3145 Nestor
1213 3074 1509 3146 oratione
1574 3082 1837 3147 centum
1905 3080 1974 3146 et
2039 3067 2721 3170 duodequinquaginta
2787 3096 2943 3146 ver-

700 3198 915 3248 suum.
1020 3173 1158 3246 Vbi
1207 3199 1280 3247 se
1329 3176 1591 3248 tandem
1643 3176 1988 3273 proripuit,
2040 3175 2266 3247 obvius
2319 3175 2381 3247 ei
2429 3173 2506 3248 fit
2557 3174 2940 3249 claudicans

606 3314 611 3319 ’
700 3302 791 3351 ex
837 3277 1103 3350 vulnere
1154 3274 1524 3375 Eurypylus
1538 3329 1563 3371 ‚
1618 3302 1812 3376 quem
1874 3277 2316 3351 sustentans.
2294 3302 2365 3349 ιιι
2415 3279 2768 3351 tentorium
2818 3278 2940 3350 de-

700 3380 907 3473 ducit,
960 3380 1335 3477 vulnerique
1385 3380 1859 3453 medicamenta
1905 3380 2199 3477 imponit.
2298 3379 2381 3453 Id
2426 3380 2788 3480 accipimus
2815 3380 2938 3453 de-

699 3507 877 3556 mum
926 3483 1092 3555 libro
1141 3481 1309 3557 XV.
1359 3508 1425 3557 v.
1481 3486 1916 3558 390—394.
1966 3482 2069 3554 his
2123 3484 2367 3557 verbis·

908 3630 1352 3765 Πάτροκλος
1402 3636 1517 3725 δ’,
1586 3638 1754 3720 είως
1803 3632 1947 3735 μεν
1966 3634 2273 3733 Ἀχαιοί
2316 3666 2397 3712 τε
2456 3638 2702 3737 Τρῶές
2751 3666 2833 3712 τε

906 3735 1181 3834 τείχεος
1207 3735 1773 3871 ἀμφεμάχοντο
1825 3734 2097 3816 θοάων
2150 3741 2410 3815 ε’κτοθι
2460 3749 2695 3835 νηῶν,

905 3837 1123 3973 τόφρ’
1179 3841 1287 3946 ὅγ’
1343 3842 1456 3918 ενὶ
1504 3842 1748 3940 κλισίῃ
1802 3838 2280 3972 ἀγαπήνορος
2329 3840 2812 3941 Εὐρυπύλοιο

899 3938 1082 4043 ηστό
1150 3974 1229 4020 τε
1293 3973 1423 4021 και
1482 3945 1622 4022 τὸν
1689 3948 1938 4047 ἔτερπε
2008 3942 2293 4048 λόγοις,
2389 3946 2511 4021 επὶ
2586 3946 2674 4023 δ’
2744 3948 2936 4021 ε’λκεϊ

906 4147 1241 4253 φάρμακ’
1298 4146 1613 4250 οἷκήματῗ
1673 4056 2427 4251 ε’πασσέυρζέλῗιινάων
2479 4148 2857 4229 ὀδυνάων.

695 4302 1040 4378 Postremo
1088 4304 1203 4378 ubi
1249 4328 1505 4381 murum
1555 4304 1824 4403 aggredi
1874 4302 2206 4378 Troianos
2236 4304 2468 4399 sentit,
2520 4305 2630 4403 qui
2660 4303 2925 4395 dudum,

697 4414 774 4481 ut
823 4430 909 4481 ex
957 4405 1164 4524 XIII.
1218 4406 1344 4485 50.
1397 4411 1524 4487 87.
1576 4409 1850 4508 aliisque
1898 4406 2065 4483 locis
2113 4416 2335 4510 patet,
2385 4406 2727 4509 prostratis
2776 4428 2926 4478 mu-
