3275 5317
773 440 1312 508 YIIOBOAH
1345 442 1472 505 ET
1515 439 2221 510 YHOBAHAHN.
2460 435 2591 509 8⁰7

557 599 858 706 δάκρυα
875 629 897 649 ·
950 604 1095 700 τὴν
1143 604 1226 681 δ’
1282 603 1408 706 ὅγε
1458 603 1710 702 δῆθεν
1774 601 2216 704 ὑποβλήδην
2265 604 2593 706 προςὲειω

1574 734 1735 783 πεν.

348 844 489 921 Gur
535 845 646 919 hic
699 845 946 943 δῆθεν
996 846 1260 938 adiecit,
1313 844 1442 917 nisi
1491 853 1566 919 nt
1616 845 1892 937 diceret,
1947 843 2247 916 sedicet
2290 866 2436 944 quo
2466 845 2593 918 in-

346 943 801 1043 tercederet,
856 949 1481 1047 eloqueretquue
1533 947 1739 1048 quod
1798 972 1970 1019 eam
2037 972 2320 1049 cupere
2381 946 2592 1021 vide-

344 1049 527 1124 baffi
628 1047 727 1127 Et
774 1053 937 1127 facit
985 1054 1149 1125 hoe:
1203 1052 1531 1145 admonet,
1587 1052 2007 1144 consolatur,
2073 1052 2358 1125 ostendit
2421 1078 2593 1127 con-

341 1153 638 1228 nubium.
756 1152 1074 1254 Apertius
1143 1156 1339 1227 etiam
1417 1156 1549 1228 vim
1628 1154 1932 1229 vocabuli
2011 1154 2350 1229 declarant
2425 1156 2594 1230 haec

340 1253 466 1331 Dii
533 1249 708 1357 apud
773 1256 1135 1332 Stobaeum
1200 1251 1436 1330 LXV.
1513 1261 1655 1349 17.
1713 1260 1867 1333 ἀλλ’
1935 1253 2409 1357 ὑποδραμών
2479 1287 2593 1343 τις

343 1360 621 1493 σχεδὸν
674 1359 940 1461 φάσει·
994 1362 1147 1435 ἀλλ’
1205 1360 1350 1462 ἐγώ
1405 1360 1655 1458 χαίρω
1723 1361 1844 1436 ἐπι
1909 1369 2009 1458 τᾷ
2078 1365 2411 1493 ἐξιαυτοῦ
2466 1363 2594 1438 εὑ-

341 1464 642 1566 μορφία
673 1473 782 1594 τοῦ
811 1463 942 1540 καὶ
972 1465 1302 1562 ἀτρεκῶς
1335 1462 1829 1565 ἀγάλλεσθαι.
1881 1465 2064 1540 ποθ’
2118 1466 2212 1542 ὃν
2261 1462 2593 1565 ὑποβλή-

338 1567 498 1646 δαν
550 1540 842 1700 φατιξω
906 1564 1177 1644 naa-w·
1248 1566 1615 1669 ἅγαλλευ,
1667 1566 2100 1667 μειράκιον·
2167 1567 2593 1668 εὐδαίμονα

335 1670 489 1770 μὲν
537 1670 688 1803 γὰρ
758 1671 898 1747 οὐκ
965 1673 1109 1767 ἔχω
1157 1670 1376 1755 ὅπως
1441 1701 1536 1748 τυ
1604 1670 1900 1772 φατίζω
1967 1670 2392 1771 ναμερτέως
2442 1702 2594 1769 μυ-

335 1771 884 1873 θαρευόμενος.
1003 1773 1184 1850 Iam
1211 1799 1366 1847 vero
1420 1777 1618 1848 etiam
1690 1775 2010 1873 explicari
2075 1800 2273 1874 posse
2339 1776 2595 1848 videtur

336 1877 531 1953 locus
581 1879 651 1952 in
701 1877 1056 1952 Homerico
1108 1878 1343 1972 hymno
1396 1877 1721 1951 Mercurii
1769 1904 1835 1950 v.
1890 1881 2069 1951 414.
2123 1878 2238 1951 ubi
2288 1878 2371 1952 de
2397 1878 2594 1952 Mer-

337 1982 528 2057 curio
579 1982 806 2075 boves,
860 1981 920 2091 si
968 1980 1208 2080 possit,
1264 1981 1675 2055 occultaturo
1729 1980 2050 2079 scriptum
2101 1988 2240 2055 est·

1165 2112 1337 2194 τότε
1388 2117 1485 2215 δὴ
1535 2116 1822 2217 κρατὺς
1862 2092 2413 2250 Ἀργειφόντης

544 2230 812 2353 χῶρον
860 2218 1305 2321 ὑποβλήδην
1352 2223 1767 2322 ἐσκέψατο,
1817 2218 2038 2300 πύκν
2094 2218 2593 2323 ἀμαρύσσων,

550 2322 930 2429 ἐγκρύψαι
976 2322 1307 2425 μεμαώς.

338 2462 695 2563 Ingeniose
748 2463 1012 2561 quidem
1059 2462 1423 2537 Passovins
1475 2461 1964 2562 ὑποβλέβὸην
1992 2460 2423 2537 coniiciebat.
2476 2464 2597 2538 sed

337 2577 563 2642 tamen
611 2567 777 2640 haec
827 2591 959 2639 vox
987 2590 1122 2639 non
1152 2559 1254 2640 est
1284 2567 1441 2638 alibi
1465 2570 1754 2639 inventa.
1837 2565 2123 2640 Videtur
2150 2592 2304 2641 vero
2335 2566 2594 2641 defendi

337 2693 542 2772 posse
604 2666 1089 2768 ὑποβλήδην,
1158 2669 1333 2767 quod
1401 2669 1491 2740 sit
1559 2668 2100 2761 signeficanter
2113 2721 2139 2762 ,
2212 2677 2288 2742 ut
2353 2671 2591 2763 solent,

342 2775 457 2873 qui
505 2774 725 2847 locum
777 2772 1120 2868 designare
1174 2771 1384 2844 oculis
1434 2772 1686 2864 volunt,
1741 2773 1929 2870 qnasi
1995 2780 2420 2868 suggerentes
2488 2774 2596 2845 al·-

339 2877 510 2968 teri,
565 2877 650 2948 ad
701 2900 892 2974 quem
941 2876 1160 2948 locum
1227 2875 1512 2946 animum
1559 2875 1896 2948 advertere
1947 2875 2204 2948 debeat.
2306 2874 2596 2949 Descri-

339 2980 519 3054 bitm·
566 2979 942 3052 Mercurius
1009 2978 1242 3051 crebro
1310 2977 1650 3050 oculorum
1714 2986 1897 3052 motu
1961 2979 2184 3052 locum
2245 3002 2592 3077 quaerens,

343 3104 477 3182 quo
527 3083 728 3156 boves
780 3081 1179 3174 abscondat,
1247 3081 1366 3153 sed
1433 3103 1582 3154 eum
1647 3081 1744 3154 ita
1809 3081 2155 3179 designans
2172 3134 2200 3175 ,
2266 3090 2343 3156 ut
2405 3082 2594 3157 fallat

341 3185 748 3285 Apollinem,
803 3185 1043 3284 quippe
1092 3205 1226 3258 non
1276 3184 1393 3277 ibi,
1447 3184 1559 3257 ubi
1610 3185 1952 3260 videbatur
1989 3185 2212 3260 locum
2243 3185 2592 3282 delegisse,

347 3290 823 3364 occultaturus.
1036 3332 1041 3338 ·

554 3389 874 3484 Ostendi,
916 3411 1051 3463 non
1102 3399 1522 3489 perspectum
1571 3391 1803 3485 fuisse,
1857 3392 2014 3490 quid
2078 3399 2254 3465 esset
2302 3390 2598 3496 ὑποβο-

347 3492 463 3591 λή,
516 3491 1002 3593 ὑποβαλλειν,
1054 3492 1520 3592 ὑποβλήδην.
1573 3493 1775 3568 Νιιιιο
1825 3496 2016 3569 venio
2069 3496 2154 3568 ad
2208 3519 2352 3567 eam
2403 3494 2597 3570 ὑπο-

345 3602 575 3699 βολῆς
626 3596 1167 3694 significationem
1180 3648 1207 3690 ,
1278 3622 1472 3696 quam
1522 3598 1902 3673 Boeckhius
1968 3598 2414 3720 inscriptionis
2466 3621 2597 3671 cu-

344 3703 600 3775 iusdam
653 3702 867 3775 Teiae
919 3725 1046 3800 ope
1098 3703 1461 3775 constituit.
1564 3701 1636 3773 Is
1691 3703 1997 3801 qnoniam
2046 3703 2116 3774 in
2166 3701 2594 3800 inscriptione

349 3804 543 3899 Chia,
596 3829 763 3904 quae
813 3825 1085 3878 numero
1153 3813 1255 3877 est
1308 3808 1536 3878 2214.
1604 3805 1675 3876 in
1743 3806 2063 3884 secundo
2102 3803 2418 3936 Corporis
2469 3830 2595 3878 vo-

345 3909 589 3982 lumine
640 3934 710 4008 p.
766 3893 944 3982 201.
998 3908 1392 3981 certationes
1433 3908 1806 3981 nominatae
1865 3916 2020 3981 sunt
2064 3904 2593 4010 ἀναγνώσεως,
2667 4003 2674 4010 υ

349 4012 772 4113 ῥαψῳδίας,
838 4019 1194 4111 ψαλμοῦ,
1264 4014 1776 4108 κιθαρισμοῦ,
1828 4011 1899 4083 in
1965 4010 2146 4084 Teia
2209 4021 2429 4084 autem
2478 4010 2597 4083 illa

350 4117 525 4216 apud
586 4116 1020 4189 Maittairium
1083 4112 1395 4214 Append.
1463 4116 1710 4188 Marm.
1779 4112 2010 4188 Oxon.
2076 4140 2148 4188 n.
2216 4119 2288 4187 3.
2342 4140 2412 4212 p.
2473 4116 2594 4188 10.

353 4228 420 4292 et
467 4218 842 4293 Hesselium
890 4216 1199 4318 Append.
1251 4219 1493 4318 praef.
1486 4220 1601 4292 ad
1649 4217 1867 4292 Inscr.
1902 4215 2085 4292 Gnd.
2136 4242 2206 4290 n.
2262 4221 2388 4290 20.
2443 4242 2598 4291 cer-

350 4323 597 4395 tamina
646 4331 1086 4396 memorantur
1133 4320 1513 4420 ὑποβολῆς
1565 4318 2183 4411 ἅνταποὸόσεως,
2240 4316 2595 4452 αναγνώ-

247 4475 251 4480 ·
356 4448 540 4512 σεως
578 4421 995 4520 adultiorum,
1048 4423 1453 4526 ὑποβολῆς,
1513 4426 2036 4530 ἆναγνωσέως,
2009 4419 2591 4602 ,Ππὲλυμαθίαςᾈ
