3275 5317
1233 471 1796 537 LYCVRGIA
2501 477 2590 544 23

345 630 861 710 lueuleutissimo
928 635 1228 731 exemplo
1277 633 1564 707 refutare
1633 633 1806 708 banc
1856 632 2234 735 opinionem
2277 635 2584 712 videtur?

348 734 770 856 Welckerus,
826 736 940 834 qui
990 737 1060 808 in
1112 736 1419 834 Trilogia
1466 761 1625 835 pag.
1678 738 1855 811 505.
1909 764 2053 836 seq.
2105 764 2366 813 mecum
2416 765 2583 815 con-

194 862 197 865 ⁴
344 839 687 931 sentiebat,
741 840 814 910 in
862 836 1252 938 Appendice
1302 866 1377 938 Ρ.
1436 844 1605 915 121.
1662 842 1823 913 satis
1888 841 2154 935 habuit,
2222 853 2585 918 memoratu

343 941 606 1038 dignum
657 891 911 1031 dicere,
961 941 1133 1041 quod
1181 940 1289 1039 Ly
1292 944 1519 1040 curgia
1569 943 1940 1042 exemplum
1965 945 2278 1041 praebeat
2325 945 2582 1020 fabulae

340 1046 687 1141 satyricae,
740 1046 812 1116 in
863 1070 992 1143 qua
1043 1055 1111 1119 et
1138 1071 1441 1143 persona
1494 1047 1722 1120 eadem
1773 1070 1939 1144 quae
1990 1048 2063 1118 in
2128 1048 2430 1146 trilogia,
2487 1060 2577 1143 et,

340 1155 650 1244 quantum
701 1149 942 1221 coniici
990 1150 1221 1246 possit,
1279 1150 1477 1222 etiam
1526 1158 1977 1246 argumentum
2019 1149 2193 1222 idem
2232 1160 2344 1224 aut
2393 1153 2580 1225 valde

339 1250 549 1322 simile
598 1250 723 1343 illi,
779 1251 951 1349 quod
1000 1250 1374 1348 tragoediae
1423 1252 1789 1345 habuerint,
1846 1277 1995 1325 cum
2031 1250 2417 1349 Satyrorum
2468 1255 2679 1327 lu-19

338 1352 561 1424 dibriis
612 1353 685 1424 in
735 1378 1003 1430 scenam
1048 1355 1248 1428 fuerit
1294 1353 1639 1452 producta.
1693 1355 1905 1447 Quod
1935 1356 2237 1453 quoniam
2286 1357 2383 1428 ita
2433 1383 2579 1432 esse

334 1456 631 1553 putabat,
684 1461 1060 1554 propterea,
1112 1467 1191 1530 ut
1237 1458 1495 1555 opinor,
1546 1460 1681 1531 iam
1729 1483 1861 1531 non
1878 1510 1902 1550 ,
1974 1467 2047 1532 ut
2096 1459 2165 1530 in
2216 1460 2436 1557 priore
2487 1463 2575 1533 Π-
2621 1503 2624 1508 .

334 1557 477 1650 bro,
532 1560 617 1631 ab
669 1561 854 1657 equis
922 1561 1311 1634 distractum
1375 1586 1523 1634 esse
1586 1560 1972 1658 Lycurgum
2038 1562 2109 1634 in
2173 1562 2370 1635 tertia
2431 1572 2577 1636 tra-

333 1662 595 1756 goedia,
645 1663 765 1735 sed
812 1664 1005 1738 modo
1057 1665 1332 1738 vinculis
1386 1666 1815 1739 constrictum
1881 1665 1962 1737 ab
2030 1666 2161 1740 illis
2221 1691 2391 1763 quos
2444 1666 2576 1740 fin-

334 1765 433 1837 xit
480 1764 947 1863 Hipposatyris
995 1767 1099 1840 vel
1147 1767 1595 1865 Hipposilenis
1648 1769 1779 1861 ait,
1834 1793 1963 1867 quo
2029 1768 2289 1842 scilicet
2336 1794 2577 1867 super-

334 1875 467 1940 stes
516 1869 589 1940 in
637 1869 859 1941 fabula
910 1871 1195 1967 satyrica
1258 1879 1483 1968 partes
1549 1895 1705 1942 suas
1758 1895 1952 1966 agere
2003 1880 2252 1968 posset.
2374 1872 2575 1946 Mus—

332 1971 625 2066 gravium
675 1972 762 2043 ad
806 1970 1050 2071 Enrip.
1088 1973 1324 2046 Rhes.
1381 1974 1557 2047 975.
1630 1974 1741 2071 qni
1807 1974 2102 2066 audiret,
2175 1974 2454 2047 fortasse
2503 1978 2575 2047 in

330 2073 529 2145 vitam
577 2084 959 2148 revocatum
1022 2100 1168 2148 esse
1218 2074 1605 2174 Aesculapii
1658 2101 1783 2174 ope
1834 2074 2218 2172 Lycurgum
2284 2086 2570 2174 putaret.

331 2172 470 2249 Sed
520 2177 727 2249 falsus
777 2186 879 2251 est
927 2180 1370 2276 Musgravius.
1490 2178 1665 2252 Nam
1716 2180 1828 2278 qui
1877 2179 2005 2252 hoc
2056 2180 2347 2271 tradidit,
2402 2177 2569 2253 Ste-

328 2279 669 2372 sichorus,
735 2305 868 2354 non
933 2282 1118 2354 illum
1185 2307 1408 2379 regem
1473 2281 1860 2355 Edonorum
1875 2335 1901 2376 ,
1969 2281 2178 2356 filium
2225 2234 2566 2379 Dryantis,

329 2382 445 2454 sed
495 2383 694 2454 alium
742 2381 1128 2480 Lycurgum
1178 2386 1475 2475 dicebat,
1540 2383 1892 2459 Pronactis
1957 2384 2184 2458 filium.
2304 2384 2388 2458 Id
2437 2411 2569 2459 non

328 2484 517 2558 latuit
560 2485 890 2583 lleynium
939 2488 1026 2559 ad
1072 2485 1570 2582 Apollodorum.
1676 2484 1852 2558 Vide
1900 2484 2156 2558 Kleinii
2204 2487 2569 2584 fragmenta

328 2585 697 2666 Stesichori
740 2615 816 2708 Ρ.
870 2592 998 2662 74.
1051 2613 1192 2685 seq.
1310 2586 1410 2661 At
1459 2588 1590 2659 alia
1638 2587 1810 2661 ratio
1863 2595 1994 2680 est,
2048 2613 2214 2685 quae
2269 2592 2569 2666 ostendat

326 2679 651 2790 quofiodo
703 2693 855 2764 sine·
895 2691 1255 2765 offensione
1305 2699 1749 2789 spectatorum
1798 2692 2017 2764 redire
2065 2692 2240 2764 inter
2289 2690 2565 2790 Satyros

325 2790 675 2913 Lycusgus
724 2795 797 2867 in
844 2819 1110 2868 scenam
1160 2795 1470 2892 potuerit.
1538 2791 1672 2867 Est
1722 2795 1895 2866 enim
1942 2790 2319 2891 Lycurgus,
2373 2806 2566 2894 post-

202 2933 205 2936 1
326 2898 707 2993 qnamita
755 2899 1081 2991 excessit,
1135 2898 1245 2970 dei
1290 2897 1438 2970 loco
1489 2896 1749 2969 habitus
1816 2897 2155 2993 cultusque
2221 2922 2263 2970 a
2337 2899 2565 2971 Thra-

325 2999 535 3082 cibus.
640 2998 887 3074 Strabo
936 3002 1052 3098 lib.
1104 2999 1205 3072 X.
1256 3024 1328 3097 Ρ.
1381 3003 1560 3072 471.
1614 2999 1728 3071 ubi
1792 2999 1910 3071 illa
1959 3022 2126 3095 quae
2177 3025 2381 3098 supra
2428 3027 2560 3100 po·-

325 3104 571 3175 suimus
622 3104 866 3197 attulit,
919 3105 1019 3177 sic
1069 3104 1320 3201 pergit:
1391 3111 1550 3177 ταῖ
1548 3131 1635 3177 τα
1685 3101 1836 3204 γὰρ
1893 3104 2077 3176 ἔοικε
2129 3110 2286 3187 τοῖς
2340 3110 2559 3202 Φρυ-

325 3204 554 3307 γίοις·
608 3207 738 3281 καὶ
789 3208 928 3282 οὐκ
979 3203 1280 3290 ἀπεικός
1342 3234 1469 3337 γε,
1540 3204 1780 3305 ὥςπερ
1848 3205 2067 3282 αὐτοὶ
2134 3207 2207 3281 οἱ
2258 3204 2559 3311 Φρύγες

332 3315 653 3409 Θρᾳκῶν
703 3309 1004 3386 ἄποικοί
1054 3317 1268 3399 εἰσιν,
1323 3309 1522 3386 οὕτω
1572 3338 1703 3385 και
1752 3309 1849 3387 τοὶ
1904 3309 2064 3409 ἱερὰ
2104 3313 2394 3389 ἐκεῖθεν
2421 3342 2558 3411 με-

323 3414 790 3510 τενηνέχθαι.
855 3414 987 3494 καὶ
1048 3414 1186 3490 τὸν
1252 3412 1635 3491 Διόνυσον
1685 3411 1770 3489 δὲ
1836 3412 1965 3488 καὶ
2029 3413 2169 3490 τὸν
2211 3415 2557 3493 Ἠδωνόν

323 3520 784 3648 Λυκοῦργον
839 3514 1346 3602 συνάπτοντες
1399 3523 1502 3602 εις
1529 3520 1637 3605 ἕν,
1698 3526 1848 3595 τῶν
1880 3525 2105 3616 ῖερῶν
2133 3518 2274 3613 τὴν
2299 3519 2557 3615 ὅμοιο-

321 3620 643 3718 τροπίαν
693 3619 1177 3698 αἰνίττονται
1227 3619 1487 3696 Eodem
1534 3622 1877 3695 referenda
1921 3629 2107 3695 recte
2152 3624 2559 3696 existimasse

321 3725 574 3800 videtur
624 3725 1069 3821 Musgravins,
1123 3750 1291 3823 quae
1338 3726 1421 3797 de
1471 3726 1697 3798 Rheso
1747 3726 2019 3822 loquens
2069 3726 2138 3797 in
2171 3727 2558 3822 cognomine

320 3830 538 3904 fabula
590 3829 933 3902 obscurius
980 3829 1202 3926 prodit
1247 3828 1451 3902 Musa
1497 3829 1600 3901 his
1652 3830 1864 3902 verbis
1915 3855 1980 3902 v.
2035 3833 2133 3903 97
2138 3833 2212 3903 Ο
2282 3831 2381 3902 sic
2432 3855 2556 3903 co-

322 3933 538 4007 dicum
588 3933 978 4005 auctoritate
1027 3932 1426 4005 scribendis.

522 4035 855 4134 κρυπτὸς
906 4035 986 4111 δ’
1042 4039 1124 4112 ἐν
1178 4037 1482 4166 ἄντροις
1530 4043 1665 4130 τῆς
1714 4020 2164 4165 ὗπαργύρου
2208 4035 2501 4131 χθονὸς

368 4173 373 4181 ⁴
522 4137 1199 4269 ἀνθρωποδαίμων
1251 4137 1570 4270 κείρεται
1619 4139 1922 4238 βλέπων
1974 4135 2194 4240 φάος,

524 4238 836 4339 Βάκχου
887 4240 1274 4343 προφήτης
1325 4241 1531 4330 ὥστε
1569 4242 1981 4375 Παγγαίου
2032 4242 2316 4341 πέτραν

523 4346 764 4444 ᾤκησε
818 4347 1088 4445 σεμνὸς
1136 4353 1380 4424 τοῖσιν
1430 4344 1716 4424 εἰδόσιν
1768 4341 1969 4430 θεός.

323 4447 639 4549 Apertius
685 4457 928 4545 antem,
975 4475 1169 4550 wem
1215 4452 1430 4550 ipsum
1481 4475 1738 4550 quoqne
1788 4449 2170 4524 memoravit
2231 4448 2547 4545 Musgra-
