3275 5317
838 485 957 548 An
1000 484 1346 554 Fame.
1389 441 2037 550 sr1rznunvm.
2473 484 2561 554 ³0
2686 481 2694 488 ·

626 648 843 747 ἄφαρ
891 646 975 724 δ’
1030 644 1185 724 ἀνὰ
1234 646 1415 745 νηὸς
1460 646 1655 748 ὑπὲρ
1680 639 2016 734 δόνακάς
2042 643 2123 726 τό
2164 648 2293 724 καὶ
2343 650 2553 752 ὕδωρ

410 849 419 854 f
514 747 876 850 χερσόνδ’
930 750 1400 852 ἐξαπέβησαν
1464 750 1587 827 ἐπὶ
1633 756 2012 855 θρωσμοῦ
2063 751 2370 829 πεδίοιο.

318 884 539 986 Atque
585 885 942 990 improbas,
993 888 1054 962 si
1101 896 1285 964 recte
1332 888 1627 990 percepi,
1681 883 1824 984 eos,
1877 890 1991 990 qui
2040 911 2129 964 ex
2175 889 2361 964 libris
2408 887 2552 965 Pa·

315 989 538 1064 risiuis
590 993 742 1092 ὂὶρα
792 1012 915 1091 pro
967 992 1121 1069 ἄνα
1166 1002 1552 1092 posuerunt.
1683 990 1819 1088 At,
1899 994 2171 1093 opinor,
2213 994 2362 1092 ipse
2423 993 2553 1068 du-

314 1093 468 1166 dum
516 1093 1054 1190 animadvertisti,
1105 1092 1470 1170 rectissime
1518 1091 1671 1170 illos
1722 1097 1874 1196 ἄρα
1936 1096 2304 1171 restituisse
2319 1147 2347 1193 ,
2400 1097 2555 1198 quia

309 1195 404 1268 ihi
454 1197 537 1271 de
588 1195 1067 1292 descendendo,
1118 1219 1253 1274 non
1303 1200 1386 1273 de
1434 1199 1890 1274 adscendendo
1939 1221 2156 1275 sermo
2208 1208 2349 1296 est,
2401 1224 2550 1275 om·-

312 1300 598 1398 ninoque
649 1301 782 1375 dici
831 1327 964 1375 non
1011 1323 1208 1400 posse
1261 1302 1415 1380 ἆνά
1466 1301 1648 1399 νηὸς
1698 1302 2244 1404 ἐξαποβαίνειν.

520 1402 922 1502 Progredior
970 1406 1055 1477 ad
1105 1405 1304 1479 dativi
1352 1431 1503 1481 cum
1571 1403 1723 1482 ἀνὰ
1789 1408 2364 1481 constructionem.
2473 1405 2553 1479 In
2683 1459 2693 1467 ·

308 1529 413 1600 ea,
465 1514 546 1581 ut
594 1529 796 1606 supra
847 1507 1166 1602 dicebam,
1219 1507 1454 1583 vellem
1505 1510 1896 1583 attendisses
1947 1505 2033 1584 ad
2084 1505 2552 1586 Germanicam

308 1610 897 1709 praepositionem,
966 1611 1038 1683 in
1103 1636 1233 1712 qua
1302 1613 1731 1711 praecipuum
1781 1609 2104 1713 quoddam
2154 1620 2551 1686 momentum

307 1721 638 1786 servatum
688 1721 791 1788 est
822 1714 906 1787 ad
933 1711 1239 1789 Graecae
1267 1715 1772 1816 praepositionis
1802 1724 2104 1790 naturam
2134 1713 2551 1817 perspicien-

306 1809 456 1888 dam
472 1842 496 1888 ε
560 1816 630 1889 id
697 1814 870 1914 quod
933 1841 1090 1890 mox
1155 1817 1225 1889 in
1290 1819 1669 1892 accusativo
1733 1818 1944 1916 magis
2009 1819 2208 1893 etiam
2272 1818 2548 1917 patebit.

304 1913 587 1992 Dicitur·
627 1921 801 1993 enim
851 1917 1042 2014 οἶνοί,
1110 1927 1187 1993 ut
1235 1928 1531 1994 nostrum
1582 1945 1727 2014 an,
1812 1945 1964 1995 cum
2014 1922 2231 1996 dativo
2281 1921 2406 2016 sic,
2476 1932 2550 1996 nt

304 2020 707 2120 intelligatur
753 2047 862 2096 res
914 2021 1028 2096 alii
1070 2022 1176 2095 rei
1224 2021 1584 2096 adhaerens
1659 2047 1884 2098 eamve
1955 2025 2376 2124 contingens:
2428 2023 2550 2099 sed

304 2119 523 2198 differt
571 2125 683 2198 ille
731 2150 891 2199 usus
942 2123 1025 2198 ab
1075 2131 1328 2220 nostro,
1380 2134 1458 2200 ut
1505 2127 1645 2200 fere
1694 2151 1828 2201 non
1875 2125 2005 2200 nisi
2055 2122 2140 2201 ad
2175 2126 2547 2227 superiores

305 2227 446 2301 eius
495 2228 597 2301 rei
644 2238 895 2330 partes,
949 2228 1060 2303 cui
1112 2228 1268 2328 quid
1316 2227 1651 2323 inhaeret,
1702 2230 2050 2304 referatur.
2166 2226 2345 2304 Hinc
2394 2229 2549 2304 Ho-

303 2354 521 2406 merus
570 2328 797 2408 Iovem
847 2332 1128 2405 dormire
1179 2331 1332 2409 ἆνά
1385 2329 1766 2435 Γαργάρῳ
1819 2334 2030 2433 ἄκρῳ
2101 2329 2304 2424 ‹lixit3
2374 2331 2547 2408 Pin-

304 2429 501 2507 darus
573 2443 793 2510 autem
858 2443 1055 2534 atque
1117 2429 1474 2536 Euripides
1488 2489 1516 2531 ,
1581 2435 1694 2535 qui
1756 2436 1828 2510 in
1893 2457 2095 2512 curru
2156 2441 2371 2531 stant,
2427 2435 2545 2515 ἄν’

301 2540 581 2627 ἵπποις,
637 2535 754 2615 ἄν’
805 2533 1146 2637 ἡμιόνοις
1196 2564 1379 2613 csse:
1452 2536 1808 2640 eodemque
1871 2540 2066 2614 modo
2132 2540 2306 2670 apud
2372 2539 2545 2615 alte·-

303 2667 451 2715 rum
480 2643 715 2715 horum
748 2638 899 2719 οἷνά
927 2640 1231 2733 ναυσίν,
1284 2643 1459 2742 apud
1488 2638 1890 2743 Aeschylum
1943 2643 2055 2742 ἄμ
2082 2671 2388 2745 πετραις
2436 2641 2545 2717 di-

301 2754 509 2820 ctum.
645 2742 791 2820 Sed
852 2753 1071 2820 tamen
1150 2746 1423 2848 propius
1506 2746 1705 2819 etiam
1771 2748 1855 2821 ad
1934 2754 2200 2821 nostrae
2280 2745 2545 2845 linguae

301 2872 494 2922 usum
545 2845 807 2924 accedit
851 2845 1053 2943 illud,
1107 2847 1283 2947 quod
1330 2873 1400 2947 p.
1455 2847 1530 2922 6.
1581 2849 1884 2947 tetigisti,

1048 2986 1073 3014 ³
1155 2981 1177 3014 Ι
1266 2985 1291 3015 3
1369 2986 1393 3014 ³

300 3125 479 3226 quod
527 3124 808 3199 dicimus
858 3121 970 3196 eie
1019 3117 1332 3219 haugen
1380 3141 1488 3196 cm
1514 3123 1916 3226 athoud«.
2019 3121 2147 3200 Sic
2173 3122 2348 3198 enim
2373 3145 2544 3200 con-

297 3231 490 3304 tinua
538 3227 711 3302 serie
772 3228 1047 3303 volitare
1121 3229 1619 3330 vespertiliones
1683 3230 2096 3334 observatum
2161 3235 2266 3302 est
2325 3227 2399 3301 in
2455 3228 2545 3301 iis

296 3333 495 3426 locis,
546 3332 619 3404 in
672 3332 904 3429 quibus
953 3353 1192 3430 magna
1238 3357 1468 3406 eorum
1514 3332 1845 3407 invenitur
1882 3328 2255 3425 multitudo,
2307 3330 2546 3407 docet-

297 3459 429 3535 qne
477 3433 552 3508 id
598 3434 727 3508 sibi
797 3435 1129 3532 cognitum
1192 3455 1340 3509 csse
1402 3433 1734 3509 Homerus
1794 3436 1912 3511 illo
1973 3434 2127 3511 loco
2192 3457 2544 3536 compara·-

296 3541 482 3614 tione
531 3536 832 3611 similiter
877 3538 1317 3612 incedentium
1366 3538 1753 3614 animarum.

509 3641 863 3735 Quoniam,
917 3642 1092 3741 quod
1140 3640 1438 3716 inhaeret
1465 3643 1578 3715 alii
1600 3643 1726 3736 rei,
1777 3661 1930 3716 cum
1956 3661 2037 3715 eo
2064 3640 2263 3715 etiam
2287 3661 2397 3714 res
2424 3637 2543 3716 illa

298 3746 658 3821 coniuncta
706 3752 835 3838 est,
886 3753 1123 3844 poetae
1173 3746 1297 3818 sihi
1346 3746 1697 3819 indulsisse
1746 3745 2072 3839 videntur,
2125 3752 2201 3817 ut
2246 3744 2540 3818 inverte·

296 3858 450 3924 rent
498 3869 695 3921 usum
741 3849 1269 3947 praepositionis,
1321 3854 1390 3922 e't
1439 3846 1592 3927 οἶνοί
1642 3875 1797 3926 τινι
1858 3867 2006 3923 esse
2072 3848 2372 3922 dicerent
2432 3855 2541 3920 et-

296 3953 433 4027 iam
480 3952 580 4046 id,
633 3953 742 4026 cui
793 3951 949 4049 quid
995 3952 1333 4026 inhaeretz
1399 3952 1575 4049 quod
1636 3973 1773 4025 non
1833 3952 2046 4050 magis
2107 3952 2344 4024 mirum
2407 3956 2537 4041 est,

298 4079 496 4155 quam
548 4059 633 4133 ἐν
685 4056 1105 4153 στέμμασιν
1156 4073 1303 4129 esse
1353 4055 1511 4151 dici,
1565 4057 1756 4131 cuius
1816 4055 1889 4128 in
1950 4049 2168 4153 capite
2231 4051 2541 4152 imposita

298 4170 402 4234 est
450 4179 723 4234 corona.
827 4158 1006 4233 Hinc
1055 4163 1183 4253 est,
1237 4159 1412 4257 quod
1458 4159 1870 4257 grammatici
1894 4157 2330 4232 Doriensibus
2379 4149 2685 4237 ἅνᾶ137

297 4263 472 4337 idem
538 4263 716 4362 quod
783 4262 931 4339 σὺν
984 4283 1131 4336 esse
1198 4262 1565 4362 perhibent.
1693 4260 1819 4338 Sic
1883 4283 2010 4359 ego
2085 4262 2534 4359 interpretan-

298 4366 454 4440 dum
503 4365 791 4441 arbitror
838 4365 1001 4440 illud
1018 4414 1046 4460 ,
1099 4365 1273 4464 quod
1335 4389 1406 4465 p.
1461 4370 1536 4442 8.
1601 4389 1689 4441 ex
1756 4361 2097 4463 Iphigenia
2164 4362 2236 4436 in
2296 4360 2540 4437 Aulide

299 4467 494 4544 affers
511 4498 536 4543 a
716 4499 723 4506 ’
