3275 5317
953 494 1725 561 MYRMIDONIBVS
1766 506 1875 564 ete.
2398 493 2527 564 ΙΝ

497 656 725 733 Finito
806 658 992 733 chori
1071 659 1361 733 carm‘me
1419 660 1639 733 -verba
1718 657 2039 754 faciebat,
2120 660 2247 732 nisi
2307 660 2526 756 fallor,
2600 639 2667 710 *s

296 760 615 836 Achilles.
716 759 891 836 Nam
942 763 1117 861 quod
1166 763 1341 861 apud
1390 762 1810 836 scholiastam
1871 760 2333 861 Aristophanis
2398 764 2530 838 alio

293 868 443 940 loco
509 866 830 964 scriptum
913 874 1054 959 est,
1140 865 1373 964 perdiu
1438 866 1738 938 silentem
1800 866 2004 940 fuisse
2068 865 2398 941 Achillem
2459 868 2533 940 in

294 969 810 1065 Myrmidonibus
827 1020 853 1062 ‚
931 969 1167 1041 falsum
1242 994 1389 1042 esse
1460 970 1681 1043 monui
1761 968 1833 1041 in'
1913 970 2368 1044 dissertatione
2450 969 2534 1043 de

294 1070 511 1145 Niobe
558 1097 630 1170 p.
687 1076 761 1146 8.
815 1069 1108 1171 (Opuse.
1163 1073 1291 1147 vol.
1345 1071 1479 1144 III.
1531 1098 1600 1170 p.
1655 1072 1817 1166 42.)
1909 1071 2097 1146 Illius
2160 1074 2232 1144 in
2283 1073 2535 1146 oratio-
2608 1067 2613 1073 ’

297 1176 395 1247 nis
448 1175 720 1249 exordio
773 1176 1040 1273 optabat
1089 1176 1201 1248 ille
1251 1176 1556 1267 fortasse,
1610 1183 1687 1248 ut
1734 1176 1805 1247 in
1853 1176 2073 1272 Mysia
2121 1176 2207 1248 ad
2259 1174 2537 1249 Caicum

296 1302 552 1351 amnem
603 1279 1024 1371 substitisset,
1077 1303 1202 1352 nec
1255 1279 1600 1352 comitatus
1670 1279 1754 1351 ad
1818 1277 2097 1352 Troiam
2162 1286 2339 1351 esset
2406 1304 2535 1351 ex·-

297 1382 575 1456 ercitum
627 1378 1061 1454 Graecorum.
1166 1378 1413 1454 Strabo
1483 1379 1691 1453 XIII.
1762 1407 1834 1481 p.
1888 1385 2064 1456 616.
2134 1384 2345 1477 (916.
2399 1382 2532 1455 vol.

261 1483 384 1558 ·V.
439 1509 511 1581 Ρ.
542 1486 755 1573 422.)
808 1489 922 1579 ῥεῖ
968 1484 1046 1560 δ’
1104 1486 1183 1558 ἐκ
1231 1492 1371 1559 τοῦ
1434 1481 1743 1581 Τήμνου
1798 1485 2136 1585 ποταμὸς
2201 1481 2534 1616 Μύσιος,

298 1584 702 1717 ἐιιβάλλων
768 1593 872 1671 εἰς
934 1585 1075 1664 τὸν
1141 1584 1436 1665 Κάίκον
1501 1587 1650 1664 ὕπὸ
1704 1595 1870 1672 ταῖς
1935 1594 2207 1721 πηγαῖς
2272 1589 2533 1665 αὐτοῦ.

274 1693 426 1789 ἀφ’
484 1684 578 1767 οὗ
630 1687 982 1786 δέχονταί
1028 1719 1224 1775 τινες
1276 1696 1510 1768 εἰπεῖν
1559 1689 1945 1822 Αζσχύλον
1982 1692 2177 1770 κατὰ
2227 1691 2369 1790 τὴν
2393 1697 2537 1778 εὶς-

293 1793 536 1894 βολὴν
585 1801 723 1869 τοῦ
783 1797 866 1869 ἐν
915 1791 1373 1894 Μυρμιδόσι
1422 1792 1840 1897 προλόγου

608 1944 703 2023 td>
753 1941 984 2022 Κάϊκε
1035 1942 1343 2023 Μύσιαί
1387 1948 1452 2023 τ’
1507 1945 1857 2047 ἐπιρῥοαί.

296 2097 608 2173 Afferunt
656 2125 788 2174 non
837 2100 1171 2174 nominata
1232 2100 1454 2173 fabula
1500 2101 1679 2176 hunc
1743 2125 2003 2174 versum
2069 2101 2265 2175 etiam
2335 2102 2542 2176 scho-

300 2202 532 2276 liastes
599 2202 1109 2301 Hephaestionis
1175 2228 1245 2301 Ρ.
1316 2207 1441 2277 84.
1499 2204 1709 2298 (163.
1781 2205 1885 2276 ed.
1955 2202 2210 2298 Gaisf.)
2265 2213 2333 2278 et
2379 2205 2543 2278 Ma-

300 2308 564 2379 crobius
616 2303 767 2380 Sat.
820 2304 911 2380 V.
969 2310 1093 2380 20.
1148 2307 1259 2405 qui
1311 2332 1389 2379 eo
1440 2308 1672 2379 testari
1723 2316 1824 2380 stu
1832 2307 1942 2380 det
1992 2306 2334 2382 universae
2382 2307 2543 2440 My·-

301 2409 441 2482 siae
494 2434 654 2484 arva
703 2410 1030 2507 uliginosa
1079 2410 1305 2482 fuisse.
1414 2411 1609 2503 Quod
1660 2409 1906 2485 Strabo
1960 2411 2120 2487 dicit
2170 2410 2364 2487 κατὰ
2403 2411 2545 2507 τὴν

303 2512 648 2611 εἷςβολὴν
711 2520 850 2588 τοῦ
919 2516 1002 2591 ἐι
1069 2510 1526 2612 Μυρμιδόσι
1591 2511 2012 2617 προλόγου,
2081 2525 2379 2613 apertum
2444 2523 2548 2588 est

304 2640 452 2688 eum
502 2641 637 2688 non
686 2615 788 2687 his
838 2616 1051 2689 verbis
1101 2641 1371 2690 usurum
1421 2617 1623 2689 fuisse
1638 2671 1666 2711 ‚
1733 2619 1792 2690 si
1860 2618 2061 2691 totius
2114 2617 2369 2692 fabulae
2420 2643 2548 2692 ex·-

306 2715 562 2793 ordium
626 2719 938 2793 voluisset
1015 2719 1411 2815 significare.
1527 2718 1609 2793 Id
1677 2721 1953 2794 dixisset
2019 2723 2104 2796 ἐν
2170 2722 2360 2817 ἀρχῇ
2379 2773 2404 2816 ,
2473 2728 2550 2794 ut

308 2819 772 2920 Aristophanis
836 2822 1256 2895 scholiastam
1307 2823 1606 2895 vidimus.
1726 2823 1905 2896 Hinc
1977 2832 2289 2921 apparet,
2357 2848 2550 2921 quem

310 2926 657 3023 prologum
709 2925 869 2998 dicit
920 2923 1164 2998 Strabo
1180 2977 1206 3019 ,
1259 2926 1534 3023 primam
1587 2950 1734 2998 esse
1785 2926 2118 2998 histrionis
2191 2927 2551 3000 orationem
2595 2925 2639 2982 ν’

308 3030 656 3102 iambicam
676 3080 700 3120 ,
769 3028 1068 3100 similiter
1135 3038 1207 3102 ut
1256 3029 1328 3101 in
1374 3027 1718 3128 Euripidis
1782 3027 2124 3127 Iphigenia
2186 3030 2257 3099 in
2305 3026 2551 3102 Aulide

311 3140 701 3230 anapaestos
754 3131 1001 3228 excipit
1049 3131 1109 3204 is
1163 3132 1275 3229 qui
1323 3141 1594 3229 propter
1644 3133 2010 3230 argumenti
2075 3132 2551 3205 enarrationem

310 3244 585 3307 vocatur
636 3235 967 3333 prologus.
1071 3234 1379 3307 Pauwius
1431 3236 1889 3335 suspicabatur
1959 3233 2354 3310 Strabonem
2403 3261 2551 3309 me·

311 3338 558 3410 moriae
609 3362 831 3410 errore
881 3336 1325 3434 Myrmidones
1375 3364 1499 3436 pro
1549 3339 1762 3437 Mysis
1812 3339 2219 3414 nominasse:
2269 3363 2552 3437 persua·

314 3441 525 3537 sitque
579 3441 985 3538 quibusdam.

517 3540 722 3641 Apud
771 3543 1132 3617 Homerum
1197 3545 1266 3616 in
1332 3571 1504 3618 nono
1554 3544 1783 3617 Iliadis
1851 3551 2144 3618 oratores
2210 3545 2292 3616 ab
2359 3541 2552 3642 Aga-

315 3671 657 3721 memnone
708 3647 891 3719 missi
941 3648 1027 3720 ad
1074 3645 1403 3721 Achillem
1452 3649 1719 3721 veniunt
1768 3647 2112 3742 Phoenix,
2164 3644 2345 3721 Aiax
2396 3646 2551 3721 Te-

316 3750 663 3842 lamonius,
715 3748 990 3842 Vlixes,
1058 3774 1210 3824 cum
1272 3750 1492 3825 Hodie
1558 3760 1627 3824 et
1688 3748 2024 3848 Eurybate
2090 3752 2549 3851 praeconibuS,

321 3856 426 3950 qui
477 3854 785 3951 precibus
851 3854 1293 3952 donorumque
1359 3855 1788 3952 promissione
1857 3880 2005 3927 eum
2071 3864 2410 3948 moveant,
2478 3862 2553 3927 ut

322 3981 509 4056 opem
557 3957 730 4029 ferat
779 3956 1064 4030 afflictis.
1166 3957 1246 4033 Id
1294 3958 1615 4030 imitatum
1680 3983 1824 4031 esse
1888 3956 2286 4055 Aeschylum
2354 3982 2551 4055 quum
2601 3931 2651 4009 *s

322 4084 437 4157 per
487 4086 562 4133 se
612 4060 959 4133 verisimile
1012 4068 1149 4154 est,
1205 4069 1271 4135 et
1335 4062 1713 4158 fragmentis
1781 4062 2161 4160 quibusdam
2223 4062 2600 4159 proditur-,6

323 4170 459 4238 tum
505 4163 733 4236 nescio
784 4188 870 4235 an
920 4188 1000 4238 eo
1050 4165 1458 4239 referendum
1508 4166 1595 4239 sit
1643 4164 1843 4258 illud,
1898 4165 2071 4263 quod
2120 4189 2320 4261 supra
2369 4165 2561 4238 attuli

327 4266 404 4337 ab
455 4266 813 4341 scholiasta
859 4264 1322 4366 Aristophanis
1357 4269 1603 4342 dictum
1619 4294 1642 4340 ε
1693 4276 1939 4344 ταῦτα
1985 4266 2132 4343 ἀπὸ
2181 4276 2340 4345 τῶν
2379 4269 2559 4366 πρέ-

334 4372 579 4465 σβεων
628 4369 818 4468 πρὸς
858 4372 1204 4468 Ἀχιλλέα
1252 4369 1628 4469 Αἰσχύλος
1678 4368 2092 4465 πεποίηκεν.
2150 4372 2558 4471 Quamquam

335 4472 389 4543 si
432 4473 634 4572 legati
681 4474 829 4570 isti,
880 4482 957 4549 ut
1009 4474 1214 4550 visum
1264 4484 1367 4551 est
1417 4475 1840 4575 quibusdam,
1892 4475 2041 4550 illos
2093 4499 2319 4550 versus
2389 4493 2557 4575 quos
