3275 5317
729 483 863 549 314
1436 543 1441 548 ,
1666 479 2031 542 ORATIO

728 646 1015 721 tionibus
1066 637 1419 717 versatur?
1481 642 1850 739 linguarum
1882 667 1885 672 ’
1915 642 2190 740 denique
2254 641 2554 735 illarum,
2621 667 2666 715 a
2735 642 2965 739 quibus

727 773 966 823 munus
1019 772 1147 846 quo
1196 746 1585 842 fungebatur
1630 770 1869 819 nomen
1919 745 2138 839 habet,
2191 752 2433 844 quanta
2479 746 2552 818 in
2602 771 2681 819 eo
2735 771 2969 845 quam-

731 878 859 951 que
912 858 1224 925 accurata
1271 851 1398 923 fuit
1447 850 1757 923 scientia:
1810 857 1880 922 et
1928 858 2146 922 tamen
2196 874 2331 923 non
2378 850 2449 920 in
2498 850 2600 921 lais
2626 851 2788 923 solis
2827 852 2968 924 eius

729 956 1051 1029 industria
1101 979 1247 1027 sese
1300 954 1657 1046 continuit,
1710 953 1829 1025 sed
1868 953 2243 1051 penetravit
2308 954 2508 1025 etiam
2572 954 2644 1026 in
2694 955 2969 1027 orientis

727 1060 983 1132 litteras
1047 1058 1468 1154 linguasque,
1555 1064 1631 1129 ut
1707 1065 2113 1153 praeteream
2174 1057 2465 1130 vivarum
2531 1058 2970 1154 cognitionem

727 1163 1122 1257 linguarum,
1176 1185 1219 1232 a
1268 1161 1499 1257 quibus
1561 1184 1753 1233 nemo
1822 1160 2078 1233 doctior
2144 1160 2320 1259 apud
2387 1183 2511 1233 nos
2580 1161 2781 1234 facile
2848 1162 2970 1233 ab·

728 1266 976 1339 horret.
1076 1262 1419 1361 Ingenium
1468 1288 1622 1336 vero
1672 1263 1760 1336 ad
1808 1262 1925 1335 illa
1973 1263 2192 1336 omnia
2251 1272 2387 1337 tam
2450 1262 2680 1337 sollers
2696 1316 2722 1357 ,
2792 1265 2969 1340 iudi—

730 1369 1034 1468 ciumque
1083 1375 1219 1441 tam
1270 1376 1681 1465 promptum,
1749 1375 1882 1440 tam
1934 1375 2230 1460 rectum,
2294 1375 2429 1440 tam
2478 1375 2748 1440 acutum
2802 1367 2970 1440 affe·-

727 1473 953 1565 rebat,
1034 1480 1111 1545 ut
1186 1471 1615 1569 quarumlibet
1678 1495 1897 1545 rerum
1965 1493 2234 1543 caussas
2300 1477 2496 1568 atque
2558 1472 2854 1544 rationes
2905 1480 2971 1544 et

729 1575 1071 1649 celerrime
1137 1582 1205 1647 et
1269 1575 1603 1647 verissime
1677 1572 2082 1672 perspiceret
2095 1626 2121 1667 ,
2198 1596 2437 1670 neque,
2491 1574 2748 1647 etiamsi
2815 1573 2973 1672 quid

725 1677 1177 1751 difficillimum
1227 1684 1421 1775 atque
1469 1677 2030 1775 impeditissimum
2093 1678 2462 1769 videretur,
2528 1701 2662 1750 non
2700 1678 2970 1750 inveni-

652 1862 658 1868 ,
727 1789 836 1856 ret
883 1790 1104 1902 aptam
1156 1788 1224 1853 et
1274 1781 1680 1854 commodam
1728 1782 1937 1872 viam,
2004 1805 2137 1878 qua
2198 1779 2459 1852 labendi
2522 1780 2969 1901 proclivitaoes

723 1893 923 1959 caute
975 1885 1276 1958 evitaret.
1378 1882 1682 1958 Ornabat
1727 1886 1840 1957 ille
1906 1885 2181 1984 denique
2241 1883 2373 1956 bas.
2428 1884 2704 1956 virtutes
2771 1885 2969 1957 etiam

721 2013 809 2063 co
861 1988 1281 2061 humanitatis
1333 1988 1540 2081 cultu,
1592 1996 1669 2061 ut
1717 1989 1878 2060 nihil
1926 2012 2058 2061 non
2126 1993 2194 2061 et
2244 2011 2394 2061 cum
2462 1986 2778 2082 dignitate
2829 1986 2969 2080 illa,

722 2116 938 2194 quae·
929 2092 1183 2165 studiis
1232 2091 1598 2164 litterarum
1661 2100 2103 2165 consentanea
2165 2098 2307 2182 est,
2376 2097 2445 2163 et
2509 2114 2664 2163 cum
2727 2088 2970 2163 decore

722 2204 927 2293 atque
992 2194 1156 2268 adeo
1240 2195 1565 2291 elegantia
1649 2195 1955 2294 quadam
2007 2201 2201 2292 atque
2280 2193 2647 2267 urbanitate
2714 2203 2969 2290 ageret,

713 2299 1048 2395 longeque
1100 2298 1181 2369 ab
1234 2322 1307 2370 se
1358 2307 1696 2397 sperneret
1743 2299 1937 2370 istam
2002 2300 2230 2371 rudem
2294 2297 2609 2370 ferociam
2672 2319 2970 2369 morum-

723 2426 855 2499 que
903 2400 1360 2491 rusticitatem,
1414 2424 1544 2496 qua
1607 2401 1901 2472 nonnulli
1962 2402 2294 2496 hominum
2365 2399 2704 2473 doctorum
2720 2449 2746 2492 ,
2818 2401 2972 2477 dum

723 2504 1218 2577 admirationem
1280 2526 1353 2574 se
1420 2509 1937 2598 consequuturos
2013 2511 2320 2599 sperant,
2402 2503 2516 2576 vix
2597 2504 2971 2600 imperitum

722 2608 958 2705 vulgus
1024 2607 1094 2677 in
1159 2612 1490 2703 stuporem
1556 2604 1954 2697 coniiciunt‘,
2034 2606 2116 2676 ab
2186 2606 2458 2678 eruditis
2525 2614 2742 2698 autem
2809 2608 2969 2680 nihil

723 2713 854 2785 nisi
905 2717 1345 2807 contemptum
1396 2708 1770 2781 stoliditatis
1821 2732 1986 2780 suae
2029 2716 2390 2807 reportant.
2509 2708 2704 2806 Talis
2769 2710 2975 2807 igitur

595 2898 600 2904 ,
725 2840 927 2916 quum
979 2822 1156 2887 esset
1205 2812 1525 2906 Beckius,
1577 2813 1720 2886 iure
1772 2835 1946 2905 eum,
2001 2811 2329 2884 candidati
2380 2800 2637 2910 optimi,
2688 2835 2813 2910 pro
2844 2839 2970 2887 ex·-

726 2920 964 3038 emplo·
994 2917 1341 3009 babebitis,
1396 2917 1582 2988 cuius
1635 2940 1894 3015 semper
1941 2916 2085 2988 sitis
2136 2939 2479 3007 memores,
2531 2916 2602 2987 in
2635 2916 2811 3013 quod
2859 2919 2970 2990 in-

722 3022 1060 3115 tueamini,
1116 3019 1289 3120 quod
1337 3020 1703 3113 imitemini,
1756 3019 1932 3117 quod
1995 3018 2308 3092 aemulari
2374 3017 2717 3092 studeatis.
2824 3018 2969 3094 Sed

719 3135 946 3201 tamen
994 3125 1094 3198 sic
1142 3124 1214 3196 id
1279 3148 1478 3220 agere
1527 3123 1845 3197 debebitis
1862 3175 1889 3217 ,
1963 3129 2040 3195 ut
2104 3121 2297 3194 simul
2372 3122 2676 3218 cogitetis
2690 3174 2716 3213 ,
2795 3123 2968 3199 hanc

720 3231 937 3349 ipsam
986 3228 1113 3300 viri
1163 3227 1388 3298 eximii
1450 3227 1899 3300 incredibilem
1962 3226 2347 3299 industriam
2412 3225 2705 3298 nonnihil
2756 3226 2969 3300 obsti·-

724 3331 890 3405 tisse
941 3354 1069 3428 quo
1123 3317 1363 3422 minus,
1417 3355 1616 3427 quum
1665 3331 2018 3402 maximam
2083 3330 2172 3402 sit
2233 3329 2599 3401 claritatem
2662 3328 2968 3428 adeptus,

727 3441 1118 3532 assequutus
1170 3434 1259 3506 sit
1308 3433 1506 3506 etiam
1566 3434 1878 3507 maiorem
1958 3433 2199 3506 famam
2279 3431 2597 3504 nominis.
2664 3442 2974 3528 potuerat

730 3538 931 3631 enim,
985 3544 1059 3609 ut
1108 3536 1353 3610 viribus
1404 3537 1487 3609 iis
1531 3539 1853 3610 omnibus
1916 3535 2501 3657 instructissimus,
2580 3537 2816 3633 quibus
2886 3538 2969 3613 ad

727 3642 800 3714 id
852 3666 1018 3738 opus
1072 3648 1237 3712 erat.
1338 3637 1707 3713 Aestimate
1744 3642 1928 3714 enim
1992 3641 2146 3738 ipsi,
2199 3640 2310 3737 qui
2361 3646 2462 3711 tot
2526 3631 2775 3713 artibus
2844 3665 2969 3713 cx-

731 3744 984 3835 calluit,
1036 3729 1137 3815 tot
1186 3752 1447 3842 tamque
1510 3745 1708 3817 variis
1769 3745 1841 3816 in
1903 3744 2196 3842 partibus
2261 3742 2706 3815 doctrinarum
2773 3768 2972 3840 egre-

731 3847 879 3945 gius
943 3847 1104 3939 fuit,
1172 3856 1449 3945 quantus
1514 3847 1572 3918 is
1644 3872 1964 3947 quamque
2029 3846 2412 3920 immortalis
2479 3855 2690 3939 esset,
2745 3847 2806 3918 si
2857 3849 2972 3919 uni

730 3950 1042 4049 paucisve
1107 3975 1193 4024 ex
1255 3943 1387 4023 illis
1465 3950 1782 4024 doctrinis
1846 3977 1919 4024 se
1984 3958 2194 4024 totum
2259 3949 2581 4042 dedisset,
2665 3950 2969 4048 viresque

730 4056 882 4127 illas
971 4060 1040 4126 ct
1110 4053 1395 4148 indolem
1482 4055 1729 4151 ingenii
1814 4080 1949 4128 non
2035 4051 2451 4151 dispersisset
2555 4002 2630 4125 'et
2720 4053 2969 4126 distra-

732 4159 945 4231 xisset
1015 4164 1201 4230 tanta
1273 4182 1492 4230 rerum
1570 4157 2152 4231 diversissimarum
2229 4154 2458 4254 copia,
2527 4156 2644 4228 sed
2726 4165 2968 4232 contu—

729 4260 918 4335 lisset
964 4261 1035 4333 in
1099 4284 1300 4334 unum
1362 4261 1583 4335 locum
1651 4270 1719 4335 et
1783 4262 1971 4360 quasi
2033 4259 2490 4358 conglobasset
2551 4258 2635 4330 ad
2695 4281 2969 4357 promo·

733 4363 1010 4436 vendam
1058 4388 1257 4438 unam
1320 4390 1405 4438 ex
1470 4365 1602 4438 illis
1666 4367 1970 4461 molibus,
2042 4364 2273 4484 quibus
2338 4363 2442 4435 vel
2505 4362 2969 4463 protrudendis

720 4466 845 4540 vel
892 4467 1285 4567 repellendis
1349 4490 1559 4543 novae
1620 4469 1694 4548 iu
1733 4469 1971 4545 litteris
2021 4469 2166 4543 viae
2215 4490 2337 4567 per
2375 4466 2524 4541 avia
2551 4466 2739 4566 prius
2768 4475 2968 4565 atque
