3275 5317
1043 478 1121 544 G.
1164 476 1242 545 H.
1282 455 1812 540 BRANnEsn
1988 485 1996 492 ⁴
2428 475 2558 543 asi

321 638 647 738 implicati
696 645 939 731 essent,
992 659 1267 735 quorum
1316 636 1517 710 animi
1564 638 1763 712 facile
1824 637 2124 711 inanibus
2189 638 2560 712 simulacris

322 742 800 834 incenduntur,
851 742 923 812 in
969 741 1181 839 iisque
1232 748 1453 815 essent
1501 741 1700 814 etiam
1767 742 2025 839 quidam
2040 793 2066 833 ,
2144 742 2258 838 qni
2321 742 2561 816 litteris

320 848 391 920 in
467 843 848 919 Academiis
933 868 1200 942 operam
1280 843 1558 919 dabant·
1635 845 1926 942 suspecti
1989 868 2136 917 esse
2202 855 2560 942 coeperunt

318 950 686 1024 litterarum
765 948 1077 1040 studiosi,
1162 956 1236 1020 nt
1312 971 1477 1045 quos
1541 972 1798 1045 semper
1859 949 2053 1020 interv
2103 970 2176 1019 se
2239 947 2558 1020 factiones

320 1053 636 1150 quasdam
704 1058 772 1125 et
839 1050 1358 1125 consociationes
1424 1050 1728 1123 hahuisse
1796 1057 2166 1143 constaret,
2237 1058 2561 1148 auctaque

320 1164 426 1230 est
478 1179 560 1228 ea
610 1154 896 1252 suspicio
947 1178 1079 1227 non
1131 1154 1394 1228 minime
1460 1177 1538 1226 eo
1554 1205 1580 1246 ,
1651 1154 1824 1251 quod
1888 1154 2135 1225 inventi
2183 1162 2373 1246 sunt,
2448 1154 2562 1251 qui

319 1259 736 1332 atrocissima
784 1264 1121 1355 patrarent
1167 1256 1484 1329 facinora.
1556 1256 1692 1349 Qui
1742 1280 2128 1355 quamquam
2152 1280 2362 1354 neque
2389 1256 2561 1329 effu-

317 1370 556 1459 gerunt
620 1384 814 1458 quam
880 1367 1398 1434 commeruerant
1473 1383 1754 1456 poenam
1824 1368 1893 1433 et
1974 1360 2269 1457 profecto
2346 1360 2561 1457 puniti

309 1472 478 1537 sunt
526 1463 969 1555 meritissimo,
1021 1469 1241 1537 tamen
1290 1463 1570 1558 gliscere
1618 1463 1691 1538 in
1743 1463 2006 1540 occulto
2058 1463 2268 1535 visum
2318 1471 2422 1535 ost
2470 1463 2563 1533 il·-

315 1566 435 1640 lud
483 1567 751 1659 malum,
802 1567 1189 1663 praesertim
1239 1591 1440 1664 quum
1474 1567 1660 1639 novis
1691 1566 2070 1663 quibusdam
2120 1565 2563 1663 improborum

316 1670 660 1744 conatibus
737 1692 907 1742 nova
985 1693 1242 1767 quoqne
1303 1670 1664 1768 suspicioni
1710 1670 1997 1742 fomenta
2062 1669 2561 1744 subiicerentur.

313 1772 498 1850 Hinc
547 1773 797 1846 factum
847 1779 974 1867 est,
1026 1781 1104 1846 ιιι
1152 1796 1286 1846 non
1338 1773 1548 1846 solum
1598 1773 1934 1869 vigilantia
1994 1773 2281 1844 maxima
2342 1772 2562 1869 impo-

312 1883 575 1952 raretur
622 1876 732 1969 iis,
786 1875 899 1973 qui
948 1900 1056 1948 res
1104 1873 1544 1949 Academicus
1592 1885 1919 1973 regerent,
1973 1875 2086 1947 sed
2140 1875 2337 1950 etiam
2365 1899 2564 1948 seve·-

313 1980 506 2054 ritas.
610 1977 863 2058 Verum
912 1979 1160 2075 indiget
1231 1988 1299 2053 et
1349 1979 1664 2052 severitas
1727 1979 1842 2050 illa
1907 1986 1976 2051 et
2040 1978 2372 2074 vigilantia
2442 2001 2564 2050 sa-

310 2083 722 2181 pientissimo
776 2082 1056 2180 quodam
1105 2088 1614 2180 temperamento
1631 2135 1659 2175 ,
1722 2106 1807 2154 ne
1855 2081 2005 2179 plus
2056 2081 2312 2172 damni,
2366 2105 2562 2179 quam

313 2186 618 2260 utilitatis
670 2185 924 2278 afferat,
976 2210 1139 2258 neve
1191 2185 1366 2283 quod
1415 2185 1849 2259 coercendum
1899 2192 2094 2281 atque
2157 2185 2562 2258 evellendum
2690 2267 2696 2273 ¹

316 2297 422 2363 est
471 2290 737 2375 malum,
773 2288 1055 2362 roboret
1102 2287 1426 2386 latiusque
1500 2286 1819 2361 diffundat
1867 2287 2206 2360 altioribus
2277 2286 2563 2361 defixum

311 2392 672 2466 radicibus.
776 2389 950 2464 Nam
1000 2415 1244 2488 neque
1260 2392 1331 2463 in
1384 2391 1759 2464 esti-enatam
1812 2391 2145 2464 licentiam
2197 2398 2264 2464 et
2311 2391 2565 2465 feroci-

312 2504 543 2589 tatem,
593 2496 940 2593 legumque
1008 2503 1094 2567 et
1124 2518 1378 2568 morum
1429 2496 1978 2615 contemptionem
1991 2546 2018 2588 ,
2082 2494 2345 2568 minime
2413 2520 2566 2568 om-

313 2599 494 2671 nium
546 2606 762 2674 autem
813 2599 884 2670 in
936 2598 1278 2671 seditiosas
1330 2599 1880 2695 conspirationes
1899 2606 1966 2670 et
2003 2598 2301 2670 caedium
2349 2622 2563 2695 expe-

314 2702 659 2776 tendarum
733 2700 1020 2773 furorem
1084 2700 1478 2796 degenerare
1547 2701 1741 2772 dehet
1795 2700 1910 2771 illa
1961 2724 2128 2798 quae
2196 2700 2563 2797 appellatur

313 2806 583 2879 libertas
633 2802 1063 2896 Academica,
1115 2827 1324 2901 neque
1375 2828 1534 2876 vero
1582 2803 1863 2900 opprimi
1889 2826 2031 2874 eam
2075 2810 2269 2900 atque
2302 2804 2562 2875 exstim-

313 2910 429 3006 gui
497 2907 851 3006 optandum
902 2914 1039 3000 est,
1092 2907 1245 3004 quia
1308 2906 1611 3003 adempta
1661 2905 1976 2979 facultate
2044 2913 2112 2978 et
2177 2906 2430 2978 litteras
2480 2914 2560 2978 nt

315 3014 580 3110 cuique·
620 3011 937 3109 placitum
1019 3017 1121 3081 est
1197 3010 1526 3083 tractandi
1603 3016 1688 3087 et,
1735 3008 1992 3081 vivendi
2072 3033 2194 3081 suo
2261 3009 2559 3104 arbitrio,

315 3116 472 3190 dum
522 3140 607 3187 ne
660 3114 805 3212 quis
858 3114 1003 3185 aliis
1052 3112 1357 3185 iniuriam
1406 3113 1633 3205 faciat,
1689 3137 1880 3185 omne
1929 3112 2199 3184 liberale
2249 3111 2559 3205 studium,

317 3220 527 3296 omnis
579 3242 765 3291 amor
812 3217 1201 3307 litterarum,
1256 3217 1465 3289 omnis
1518 3215 1798 3288 eruditio
1850 3216 2270 3313 deprimitur,
2324 3215 2563 3287 debili-

314 3331 520 3415 tatur,
575 3321 999 3417 exstirpatur.
1118 3318 1439 3414 Regenda
1502 3320 1721 3416 potius
1786 3318 2120 3391 moderate
2185 3319 2564 3414 gubernan-

316 3426 528 3523 daque
580 3425 911 3522 sapienter
975 3422 1091 3495 illa
1152 3421 1421 3496 libertas
1484 3431 1625 3516 est,
1683 3446 1876 3520 quam
1927 3422 2273 3494 severitate
2340 3422 2562 3517 legum

315 3526 818 3623 constringenda
868 3532 935 3598 et
984 3526 1051 3598 vi
1099 3525 1534 3623 reprimenda.
1637 3524 1872 3622 Neque
1923 3525 2095 3596 enim
2148 3525 2377 3597 evitari
2401 3532 2562 3621 pot-

315 3641 442 3724 est,
498 3632 679 3729 quin,
733 3630 792 3701 si
840 3638 1114 3727 propter
1176 3652 1536 3726 paucorum
1585 3630 2018 3701 temeritatem
2081 3627 2270 3701 multi
2334 3626 2560 3698 durius

316 3736 471 3833 qnid
521 3733 842 3806 sustinere
894 3741 1212 3829 cogantur
1226 3784 1251 3825 ,
1320 3733 1474 3804 dum
1524 3731 1622 3803 illi
1685 3733 1860 3806 iusta
1909 3756 1982 3803 se
2032 3731 2289 3828 perpeti
2338 3729 2561 3803 faten-

315 3847 448 3931 tur,
500 3838 571 3910 hi
622 3837 881 3933 aegrius
931 3836 1148 3909 ferant
1194 3843 1262 3907 et
1310 3860 1442 3909 non
1492 3859 1772 3932 aequum
1823 3859 1970 3907 esse
2021 3841 2357 3925 censeant,
2439 3857 2561 3906 ea·-

315 3943 461 4014 dem
510 3941 581 4013 in
632 3965 706 4013 se
758 3961 924 4037 quae
973 3940 1044 4010 in
1087 3938 1237 4011 illos
1288 3962 1434 4011 esse
1502 3945 1783 4011 statuta·
1852 3946 1927 4014 ut
1989 3962 2122 4011 non
2187 3937 2422 4009 mirum
2471 3937 2561 4009 sit

211 4075 215 4080 ·
316 4069 430 4118 eos
481 4044 830 4141 indignari,
882 4041 1155 4135 irritari,
1204 4042 1605 4139 exasperari,
1656 4040 1993 4140 reluctari,
2049 4039 2221 4138 quod
2264 4041 2558 4112 insontes

314 4149 385 4220 in
433 4171 686 4269 poenae
737 4146 1138 4218 consortium
1183 4145 1499 4218 incidant.
1602 4142 1750 4218 Nec
1801 4168 1959 4217 sane
2007 4167 2352 4241 possumus
2401 4140 2558 4222 infiv

317 4252 493 4345 tim-i,
544 4250 836 4347 iniquum
887 4272 1060 4340 esse,
1114 4248 1173 4320 si
1221 4255 1596 4346 propterea,
1650 4248 1823 4346 quod
1874 4248 2071 4345 pauci
2122 4246 2384 4343 quidam
2435 4270 2559 4318 eo·-

317 4379 456 4427 rum
472 4407 498 4447 ‚
555 4354 665 4452 qui
726 4353 1090 4425 litterarum
1141 4375 1378 4424 caussa
1425 4353 1496 4425 in
1544 4349 1926 4425 Academiis
1989 4356 2369 4442 versantur,
2436 4349 2560 4422 de·-

317 4459 520 4533 sertis
576 4456 679 4530 his
746 4455 979 4531 studiis
1043 4478 1152 4529 res
1202 4480 1407 4531 novas
1470 4455 1684 4531 moliri
1701 4508 1727 4550 ,
1804 4454 2031 4530 turbas
2082 4461 2151 4528 et
2201 4453 2555 4530 seditiones
