3275 5317
650 433 770 495 DE
811 431 1388 496 BACHMANNI
1430 433 1680 501 EDIT.
1723 433 2202 504 LYCOPHR.
2414 433 2542 505 281

314 594 514 686 tione,
566 602 636 668 et
682 595 894 693 primo
945 595 1204 693 quidem
1253 595 1553 671 undecim
1607 596 1877 673 cedices
1924 596 2290 691 Parisinus,
2343 606 2541 674 nota-

308 709 414 773 tos
462 697 698 771 litteris
745 696 1037 773 A-L.
1089 699 1162 771 in
1213 699 1444 796 quibus
1497 699 1711 773 codex
1759 698 1829 773 A
1894 701 2178 777 omnium
2243 710 2311 774 et
2357 704 2537 783 anti·-

311 800 659 921 quissimus
709 808 778 873 et
827 802 1108 899 optimus
1160 810 1280 877 est.
1399 799 1784 899 Sequuntur
1831 812 1967 881 tres
2014 804 2167 876 libri
2213 803 2283 877 N
2281 805 2537 901 eapoh-

306 903 448 977 tani
465 954 492 995 ,
542 927 819 1000 quorum
869 930 1028 979 usus
1085 929 1284 1002 quum
1342 904 1579 978 editori
1640 930 1890 1003 pancos
1939 906 2133 981 modo
2186 906 2326 981 dies
2376 932 2542 981 con-

307 1030 536 1080 cessus
588 1016 800 1098 esset,
868 1008 1242 1104 potissimas
1292 1015 1546 1083 tantum
1610 1009 2022 1107 maximeque
2087 1010 2540 1085 memorabiles

306 1108 779 1206 discrepantias
831 1133 917 1182 ex
982 1111 1066 1181 iis
1131 1112 1438 1183 enotavit.
1541 1109 1800 1185 Deinde
1867 1112 2081 1185 codex
2146 1111 2537 1187 Vaticanus.

236 1230 241 1235 ·
304 1210 491 1283 Τιιιιι
555 1221 861 1308 quattuor
923 1211 1460 1286 Vindobonenses
1475 1265 1500 1304 ,
1567 1222 1704 1286 tres
1770 1213 2279 1310 Vitebergenses
2293 1267 2318 1306 ,
2372 1239 2544 1287 unns

306 1312 631 1407 cizensis,
682 1314 839 1389 item
887 1312 1253 1406 Palatinus,
1308 1324 1375 1388 et
1401 1315 1943 1411 Rebdigerianns.
1997 1313 2108 1391 Ad
2151 1317 2273 1390 hos
2296 1316 2537 1390 XXV.

301 1416 506 1495 libros
557 1416 880 1491 accedunt
931 1417 1059 1493 duo
1107 1417 1498 1511 Potteriani,
1549 1418 1773 1515 illique
1825 1419 2056 1516 quibus
2107 1416 2538 1495 Sebastianus

300 1527 404 1597 est
455 1543 640 1597 usus.
744 1519 881 1611 Qui
930 1521 1235 1618 quoniam
1285 1545 1400 1594 eos
1465 1522 1837 1599 incredibili
1899 1522 2164 1599 levitate
2236 1522 2536 1614 contulit,

299 1622 664 1701 wasnltius
726 1621 914 1697 duxit
991 1623 1451 1699 Bacbmannns
1466 1675 1492 1716 ,
1579 1624 1651 1696 in
1727 1625 2247 1703 adnotationibus
2327 1626 2538 1699 textui

298 1725 614 1804 subiectis
662 1725 907 1803 nullam
954 1727 1227 1800 istarum
1289 1727 1645 1801 lectionum
1692 1729 2012 1801 rationem
2077 1727 2317 1801 habere
2330 1778 2355 1820 ,
2423 1727 2544 1801 sed

297 1836 508 1905 mm
572 1827 754 1907 illam
820 1829 1271 1904 collectionem
1328 1853 1463 1903 una
1513 1854 1666 1902 cum
1728 1827 2114 1904 Potteriana
2177 1829 2539 1927 separatim

295 1940 631 2028 tamquam
680 1932 1105 2029 appendicem
1155 1932 1418 2007 addere.
1533 1930 1719 2007 Inter
1783 1956 1901 2013 eos
1969 1932 2235 2007 codices
2301 1932 2541 2013 eminet

295 2034 513 2111 seculi
563 2033 799 2109 decimi
848 2035 1014 2107 liber
1062 2034 1492 2108 bibliothecae
1555 2032 1922 2117 Vaticanae
1987 2059 2059 2109 n.
2117 2036 2340 2115 13⁰7.
2412 2057 2539 2121 cuz
2589 2064 2600 2075 ·

297 2137 402 2213 ius
454 2137 721 2244 collatio
764 2132 1294 2234 ‘scholiorumque
1344 2138 1782 2234 antiquorum,
1835 2162 2002 2236 quae
2053 2161 2135 2211 eo
2183 2137 2257 2211 in
2305 2136 2537 2211 codice

297 2247 454 2317 sunt
465 2291 492 2332 ,
544 2237 881 2360 ’promissa
941 2239 1363 2313 Bachmanno
1428 2249 1556 2317 est.
1677 2241 1933 2333 Quodsi
1999 2247 2282 2344 aetatem
2344 2239 2537 2313 lmine

297 2342 451 2420 libri
499 2342 707 2419 virtus
757 2349 1017 2442 aequat,
1069 2343 1472 2439 aliquantum
1535 2368 1622 2417 ex
1690 2367 1777 2421 eo
1833 2343 2008 2423 lucri
2085 2337 2344 2441 sperari
2407 2366 2538 2440 po-

503 2544 835 2623 Editionis
870 2546 1369 2623 Bacbmanniae
1419 2544 1721 2623 volumen
1765 2544 2062 2665 primum·
2088 2552 2243 2643 post
2269 2546 2537 2643 prasa-

295 2653 545 2729 tio-em
592 2650 885 2724 continet
932 2644 1330 2737 ὑπόθεσιν,
1382 2645 1740 2721 Reichardi
1804 2649 2111 2744 synopsin
2174 2650 2536 2743 argumenti

296 2752 736 2843 Cassandrae,
788 2751 1071 2825 indicem
1119 2757 1422 2825 notarum
1474 2749 1708 2845 quibus
1749 2750 2013 2823 codices
2040 2773 2082 2821 a
2109 2748 2533 2825 Bachmanno

296 2856 526 2935 collati
586 2851 1035 2950 significantur
1049 2902 1076 2943 ,
1156 2859 1226 2924 et
1290 2876 1379 2923 ex
1447 2851 1679 2947 quibus
1743 2851 1995 2925 scholia
2064 2852 2316 2924 minora
2379 2861 2534 2925 sunt

297 2961 514 3048 editu
581 2955 811 3033 deinde
878 2955 1276 3052 epigramma
1338 2951 1653 3029 Latinum
1727 2954 1811 3026 ad
1873 2953 2210 3027 lectorem.
2350 2953 2531 3031 Tum

298 3063 595 3161 sequitur
652 3058 990 3155 tragoedia
1003 3109 1029 3150 ,
1111 3057 1422 3133 subiectis
1498 3056 2023 3137 adnotationibus
2090 3056 2340 3130 criticis
2357 3107 2384 3148 ,
2459 3058 2531 3129 in

298 3167 531 3265 quibus
597 3161 791 3237 simul
854 3161 1220 3258 scripturae
1283 3159 1692 3233 diversitates
1752 3159 2163 3250 indicantum
2243 3159 2363 3231 sub
2428 3158 2531 3233 bis

298 3277 517 3342 autem
566 3264 818 3339 scholia
865 3264 982 3335 illa
1029 3264 1320 3350 minora»,
1373 3262 1610 3335 additis
1664 3262 1903 3359 ubique
1952 3262 2265 3335 librorum
2311 3287 2350 3336 e
2379 3262 2532 3362 qui-

296 3371 417 3447 bus
465 3368 677 3468 petita
723 3375 909 3443 sunt-
923 3367 1399 3441 notationibus.
1456 3365 1628 3462 quod
1677 3366 1863 3438 valde
1911 3364 2327 3439 laudandum.
2377 3363 2533 3438 Do-

297 3479 602 3553 cumento
657 3478 758 3544 est
809 3470 982 3543 enim
1029 3470 1195 3543 bene
1246 3493 1520 3566 gnarum
1571 3493 1718 3542 esse
1770 3468 2084 3542 editorem
2129 3465 2337 3540 officii
2388 3468 2529 3543 cri-

296 3577 440 3668 tici,
496 3573 814 3672 siqllidem
864 3572 945 3646 de
994 3572 1263 3645 scholiis
1314 3581 1383 3645 et
1431 3572 1668 3668 glossis
1722 3594 1918 3667 saepe
1966 3595 2098 3644 non
2147 3576 2365 3666 potest
2412 3593 2529 3642 re-

295 3688 404 3757 ete
452 3677 734 3753 iudicari
779 3677 910 3749 nisi
957 3676 1221 3771 cognita
1268 3683 1488 3749 textus
1540 3676 1623 3746 ad
1673 3698 1866 3772 quam
1916 3673 2243 3771 pertinent
2288 3672 2529 3746 lectio·

295 3807 404 3859 ne·
511 3777 828 3877 Sequitur
875 3805 945 3877 p.
977 3778 1437 3852 295—339.
1490 3776 1934 3875 paraphrasis,
1963 3776 2258 3849 subiecta
2307 3775 2526 3848 diver-

295 3888 491 3960 sitate
541 3883 942 3980 scripturae3
993 3890 1133 3955 tum
1180 3906 1249 3979 p.
1306 3885 1450 3954 341
1470 3879 1767 3955 *452
1847 3877 2190 3950 careotas
2256 3875 2521 3949 lectio-

295 3987 420 4062 nis
472 4011 528 4058 a
575 3984 697 4058 Io.
750 3985 1070 4059 Pottero
1123 3994 1200 4055 et
1248 3981 1479 4084 Leop.
1514 3980 1970 4057 Sebastiano
1996 3980 2320 4053 collecta
2354 4003 2527 4050 cum

295 4088 803 4168 annotatione
854 4086 1194 4161 editoris.
1297 4086 1460 4163 Inde
1512 4087 1723 4161 versio
1774 4085 2048 4159 metrica
2107 4083 2244 4159 Ios.
2296 4080 2526 4159 Scali-

300 4194 444 4292 geri
492 4193 730 4268 additis
781 4192 1234 4314 discrepantiis
1282 4191 1534 4312 primae
1583 4189 1911 4280 editionis,
1965 4213 2033 4285 p.
2086 4184 2521 4260 453—504.

301 4297 649 4373 Postremo
700 4296 980 4395 quinque
1028 4296 1305 4387 indices,
1345 4294 1594 4392 primus
1607 4344 1634 4385 ,
1684 4291 1879 4389 plane
1927 4290 2044 4363 illa
2091 4314 2296 4363 novus
2338 4312 2526 4361 sum-

304 4425 537 4501 maque
584 4398 921 4499 diligentia
966 4399 1183 4477 faetus
1194 4449 1222 4493 ,
1290 4397 1574 4475 omnium
1636 4395 1982 4472 verborum
2024 4391 2521 4503 Lycophronis,
