<?xml version="1.0" encoding="UTF-8"?>
<!DOCTYPE html PUBLIC "-//W3C//DTD XHTML 1.0 Transitional//EN"
    "http://www.w3.org/TR/xhtml1/DTD/xhtml1-transitional.dtd">
<html xmlns="http://www.w3.org/1999/xhtml" xml:lang="en" lang="en">
 <head>
  <title>
</title>
<meta http-equiv="Content-Type" content="text/html;charset=utf-8" />
  <meta name='ocr-system' content='tesseract 3.04.00' />
  <meta name='ocr-capabilities' content='ocr_page ocr_carea ocr_par ocr_line ocrx_word'/>
</head>
<body>
  <div class='ocr_page' id='page_1' title='image "./godofrediherman02fritgoog_0092.png"; bbox 0 0 3275 5317; ppageno 0'>
   <div class='ocr_carea' id='block_1_1' title="bbox 1053 413 2514 533">
    <p class='ocr_par' dir='ltr' id='par_1_1' title="bbox 1053 413 2514 533">
     <span class='ocr_line' id='line_1_1' title="bbox 1053 413 2514 533; baseline 0.003 -7"><span class='ocrx_word' id='word_1_1' title='bbox 1053 459 1779 530; x_wconf 68' lang='lat' dir='ltr'><strong>Tnnocmrmn.</strong></span> <span class='ocrx_word' id='word_1_2' title='bbox 2169 481 2176 484; x_wconf 86' lang='lat'><em>-</em></span> <span class='ocrx_word' id='word_1_3' title='bbox 2249 413 2254 418; x_wconf 42' lang='grc'>’</span> <span class='ocrx_word' id='word_1_4' title='bbox 2426 462 2514 533; x_wconf 76' lang='grc' dir='ltr'><strong>ει</strong></span> 
     </span>
    </p>
   </div>
   <div class='ocr_carea' id='block_1_2' title="bbox 272 622 2662 4420">
    <p class='ocr_par' dir='ltr' id='par_1_2' title="bbox 281 622 2662 1419">
     <span class='ocr_line' id='line_1_2' title="bbox 291 622 2512 724; baseline 0.001 -25"><span class='ocrx_word' id='word_1_5' title='bbox 291 637 513 699; x_wconf 81' lang='lat' dir='ltr'><strong>omnes</strong></span> <span class='ocrx_word' id='word_1_6' title='bbox 536 622 881 701; x_wconf 73' lang='grc' dir='ltr'><strong><em>εὔπλοον</em></strong></span> <span class='ocrx_word' id='word_1_7' title='bbox 927 629 1176 699; x_wconf 75' lang='lat' dir='ltr'><strong>tenent.</strong></span> <span class='ocrx_word' id='word_1_8' title='bbox 1293 622 1492 717; x_wconf 72' lang='lat' dir='ltr'><strong>Quod</strong></span> <span class='ocrx_word' id='word_1_9' title='bbox 1550 623 1615 698; x_wconf 84' lang='lat' dir='ltr'><strong>si</strong></span> <span class='ocrx_word' id='word_1_10' title='bbox 1676 644 2128 724; x_wconf 74' lang='lat' dir='ltr'><strong>comparamus</strong></span> <span class='ocrx_word' id='word_1_11' title='bbox 2183 639 2340 701; x_wconf 82' lang='lat' dir='ltr'><strong>‘eum</strong></span> <span class='ocrx_word' id='word_1_12' title='bbox 2401 627 2512 701; x_wconf 87' lang='lat' dir='ltr'><strong>lo-</strong></span> 
     </span>
     <span class='ocr_line' id='line_1_3' title="bbox 287 726 2509 826; baseline 0.002 -25"><span class='ocrx_word' id='word_1_13' title='bbox 287 750 465 821; x_wconf 84' lang='lat' dir='ltr'><strong>cum,</strong></span> <span class='ocrx_word' id='word_1_14' title='bbox 515 749 645 824; x_wconf 82' lang='lat' dir='ltr'><strong>qno</strong></span> <span class='ocrx_word' id='word_1_15' title='bbox 693 726 930 801; x_wconf 88' lang='lat' dir='ltr'><strong>iterum</strong></span> <span class='ocrx_word' id='word_1_16' title='bbox 978 726 1211 825; x_wconf 75' lang='grc' dir='ltr'><strong><em>ὅρμος</em></strong></span> <span class='ocrx_word' id='word_1_17' title='bbox 1270 727 1447 826; x_wconf 82' lang='lat' dir='ltr'><strong>apud</strong></span> <span class='ocrx_word' id='word_1_18' title='bbox 1496 726 1929 803; x_wconf 85' lang='lat' dir='ltr'><strong>Theocritum</strong></span> <span class='ocrx_word' id='word_1_19' title='bbox 1975 728 2250 825; x_wconf 77' lang='lat' dir='ltr'><strong>legitur,</strong></span> <span class='ocrx_word' id='word_1_20' title='bbox 2299 729 2509 805; x_wconf 79' lang='lat' dir='ltr'><strong>xm.</strong></span> 
     </span>
     <span class='ocr_line' id='line_1_4' title="bbox 288 827 2501 929; baseline 0.002 -27"><span class='ocrx_word' id='word_1_21' title='bbox 288 832 415 902; x_wconf 86' lang='grc'><strong>30.</strong></span> <span class='ocrx_word' id='word_1_22' title='bbox 466 833 641 904; x_wconf 86' lang='grc' dir='ltr'><strong><em>είσω</em></strong></span> <span class='ocrx_word' id='word_1_23' title='bbox 703 827 788 904; x_wconf 72' lang='lat'><strong>&lt;5³</strong></span> <span class='ocrx_word' id='word_1_24' title='bbox 854 829 1094 929; x_wconf 86' lang='grc' dir='ltr'><strong><em>όρμον</em></strong></span> <span class='ocrx_word' id='word_1_25' title='bbox 1164 831 1430 906; x_wconf 80' lang='grc' dir='ltr'><strong><em>ε’θεντο</em></strong></span> <span class='ocrx_word' id='word_1_26' title='bbox 1499 829 2068 929; x_wconf 77' lang='grc' dir='ltr'><strong><em>Προποντίδος,</em></strong></span> <span class='ocrx_word' id='word_1_27' title='bbox 2134 831 2342 905; x_wconf 83' lang='lat' dir='ltr'><strong>videri</strong></span> <span class='ocrx_word' id='word_1_28' title='bbox 2388 833 2501 906; x_wconf 91' lang='lat' dir='ltr'><strong>ille</strong></span> 
     </span>
     <span class='ocr_line' id='line_1_5' title="bbox 284 930 2662 1052; baseline 0.003 -49"><span class='ocrx_word' id='word_1_29' title='bbox 284 930 546 1004; x_wconf 87' lang='lat' dir='ltr'><strong>debet&#39;</strong></span> <span class='ocrx_word' id='word_1_30' title='bbox 501 958 742 1029; x_wconf 91' lang='grc' dir='ltr'><strong><em>ορμον</em></strong></span> <span class='ocrx_word' id='word_1_31' title='bbox 763 954 896 1004; x_wconf 89' lang='grc' dir='ltr'><strong>ιιοιι</strong></span> <span class='ocrx_word' id='word_1_32' title='bbox 917 939 1172 1052; x_wconf 52' lang='lat' dir='ltr'><strong>portem</strong></span> <span class='ocrx_word' id='word_1_33' title='bbox 1191 932 1373 1005; x_wconf 88' lang='lat' dir='ltr'><strong>illam</strong></span> <span class='ocrx_word' id='word_1_34' title='bbox 1393 939 1652 1030; x_wconf 86' lang='lat' dir='ltr'><strong>portus,</strong></span> <span class='ocrx_word' id='word_1_35' title='bbox 1706 957 1837 1030; x_wconf 83' lang='lat' dir='ltr'><strong>qua</strong></span> <span class='ocrx_word' id='word_1_36' title='bbox 1866 933 2213 1032; x_wconf 78' lang='lat' dir='ltr'>appellitur</span> <span class='ocrx_word' id='word_1_37' title='bbox 2234 931 2662 1027; x_wconf 72' lang='lat' dir='ltr'><strong>navis,l()59¹</strong></span> 
     </span>
     <span class='ocr_line' id='line_1_6' title="bbox 284 1031 2510 1167; baseline 0.002 -61"><span class='ocrx_word' id='word_1_38' title='bbox 284 1034 399 1107; x_wconf 90' lang='lat' dir='ltr'><strong>sed</strong></span> <span class='ocrx_word' id='word_1_39' title='bbox 456 1031 653 1108; x_wconf 90' lang='lat' dir='ltr'><strong>finem</strong></span> <span class='ocrx_word' id='word_1_40' title='bbox 691 1034 1121 1131; x_wconf 83' lang='lat' dir='ltr'><strong>navigationis</strong></span> <span class='ocrx_word' id='word_1_41' title='bbox 1134 1086 1162 1128; x_wconf 83' lang='lat'><strong><em>,</em></strong></span> <span class='ocrx_word' id='word_1_42' title='bbox 1227 1059 1426 1132; x_wconf 85' lang='lat' dir='ltr'><strong>quum</strong></span> <span class='ocrx_word' id='word_1_43' title='bbox 1466 1036 1670 1109; x_wconf 87' lang='lat' dir='ltr'><strong>intrat</strong></span> <span class='ocrx_word' id='word_1_44' title='bbox 1719 1036 1793 1107; x_wconf 90' lang='lat' dir='ltr'><strong>in</strong></span> <span class='ocrx_word' id='word_1_45' title='bbox 1829 1044 2093 1134; x_wconf 87' lang='lat' dir='ltr'><strong>portum</strong></span> <span class='ocrx_word' id='word_1_46' title='bbox 2142 1037 2510 1167; x_wconf 77' lang='lat' dir='ltr'><strong>appellendi</strong></span> 
     </span>
     <span class='ocr_line' id='line_1_7' title="bbox 283 1135 2509 1266; baseline 0.003 -56"><span class='ocrx_word' id='word_1_47' title='bbox 283 1160 522 1210; x_wconf 82' lang='lat' dir='ltr'><strong>caussa</strong></span> <span class='ocrx_word' id='word_1_48' title='bbox 548 1137 732 1266; x_wconf 76' lang='lat' dir='ltr'><strong>navis</strong></span> <span class='ocrx_word' id='word_1_49' title='bbox 783 1145 853 1210; x_wconf 92' lang='lat' dir='ltr'><strong>et</strong></span> <span class='ocrx_word' id='word_1_50' title='bbox 901 1137 1238 1231; x_wconf 81' lang='lat' dir='ltr'><strong>consistit,</strong></span> <span class='ocrx_word' id='word_1_51' title='bbox 1310 1136 1552 1236; x_wconf 88' lang='grc' dir='ltr'><strong><em>όρμον</em></strong></span> <span class='ocrx_word' id='word_1_52' title='bbox 1609 1137 1882 1214; x_wconf 74' lang='lat' dir='ltr'><strong>dixisse.</strong></span> <span class='ocrx_word' id='word_1_53' title='bbox 1980 1135 2091 1211; x_wconf 91' lang='lat' dir='ltr'><strong>Eo</strong></span> <span class='ocrx_word' id='word_1_54' title='bbox 2139 1139 2333 1213; x_wconf 91' lang='lat' dir='ltr'><strong>modo</strong></span> <span class='ocrx_word' id='word_1_55' title='bbox 2384 1141 2509 1216; x_wconf 78' lang='grc' dir='ltr'><strong><em>εὔ·-</em></strong></span> 
     </span>
     <span class='ocr_line' id='line_1_8' title="bbox 282 1237 2507 1341; baseline 0.001 -27"><span class='ocrx_word' id='word_1_56' title='bbox 282 1239 564 1316; x_wconf 87' lang='grc' dir='ltr'><strong><em>πλοον</em></strong></span> <span class='ocrx_word' id='word_1_57' title='bbox 535 1237 777 1339; x_wconf 91' lang='grc' dir='ltr'><strong><em>όρμον</em></strong></span> <span class='ocrx_word' id='word_1_58' title='bbox 817 1240 1115 1316; x_wconf 77' lang='grc' dir='ltr'><strong>ἱκέσθαι</strong></span> <span class='ocrx_word' id='word_1_59' title='bbox 1162 1263 1301 1313; x_wconf 90' lang='grc' dir='ltr'><strong>ιιοιι</strong></span> <span class='ocrx_word' id='word_1_60' title='bbox 1342 1240 1556 1314; x_wconf 89' lang='lat' dir='ltr'><strong>minus</strong></span> <span class='ocrx_word' id='word_1_61' title='bbox 1604 1249 1789 1315; x_wconf 90' lang='lat' dir='ltr'><strong>recte</strong></span> <span class='ocrx_word' id='word_1_62' title='bbox 1820 1237 1952 1315; x_wconf 88' lang='lat' dir='ltr'><strong>dici</strong></span> <span class='ocrx_word' id='word_1_63' title='bbox 1990 1241 2262 1336; x_wconf 86' lang='lat' dir='ltr'><strong>videtur,</strong></span> <span class='ocrx_word' id='word_1_64' title='bbox 2313 1266 2507 1341; x_wconf 81' lang='lat' dir='ltr'><strong>quam</strong></span> 
     </span>
     <span class='ocr_line' id='line_1_9' title="bbox 281 1343 2298 1419; baseline 0 -2"><span class='ocrx_word' id='word_1_65' title='bbox 281 1350 521 1418; x_wconf 84' lang='grc' dir='ltr'><strong><em>πλοῦν</em></strong></span> <span class='ocrx_word' id='word_1_66' title='bbox 569 1343 888 1418; x_wconf 74' lang='grc' dir='ltr'><strong><em>εὔπλοον</em></strong></span> <span class='ocrx_word' id='word_1_67' title='bbox 937 1343 2298 1419; x_wconf 76' lang='grc' dir='ltr'><strong>ἱκέσθαι..</strong></span> 
     </span>
    </p>

    <p class='ocr_par' dir='ltr' id='par_1_3' title="bbox 274 1441 2506 1955">
     <span class='ocr_line' id='line_1_10' title="bbox 482 1441 2503 1546; baseline 0 -27"><span class='ocrx_word' id='word_1_68' title='bbox 482 1441 578 1519; x_wconf 83' lang='lat' dir='ltr'><strong>V.</strong></span> <span class='ocrx_word' id='word_1_69' title='bbox 630 1447 679 1520; x_wconf 88' lang='grc'>7</span> <span class='ocrx_word' id='word_1_70' title='bbox 685 1449 758 1519; x_wconf 86' lang='grc'><strong>3</strong></span> <span class='ocrx_word' id='word_1_71' title='bbox 808 1442 1086 1519; x_wconf 81' lang='lat' dir='ltr'><strong>Frustra</strong></span> <span class='ocrx_word' id='word_1_72' title='bbox 1149 1469 1295 1520; x_wconf 89' lang='lat' dir='ltr'><strong>esse</strong></span> <span class='ocrx_word' id='word_1_73' title='bbox 1355 1443 1657 1520; x_wconf 82' lang='lat' dir='ltr'><strong>videntur</strong></span> <span class='ocrx_word' id='word_1_74' title='bbox 1715 1468 1940 1518; x_wconf 87' lang='lat' dir='ltr'><strong>omues</strong></span> <span class='ocrx_word' id='word_1_75' title='bbox 1999 1445 2278 1518; x_wconf 85' lang='lat' dir='ltr'><strong>nominis</strong></span> <span class='ocrx_word' id='word_1_76' title='bbox 2338 1470 2503 1546; x_wconf 87' lang='lat' dir='ltr'><strong>pro-</strong></span> 
     </span>
     <span class='ocr_line' id='line_1_11' title="bbox 277 1543 2552 1670; baseline 0.001 -50"><span class='ocrx_word' id='word_1_77' title='bbox 277 1543 406 1648; x_wconf 75' lang='lat' dir='ltr'><strong>prii</strong></span> <span class='ocrx_word' id='word_1_78' title='bbox 455 1547 844 1621; x_wconf 87' lang='lat' dir='ltr'><strong>restituendi</strong></span> <span class='ocrx_word' id='word_1_79' title='bbox 893 1556 1191 1622; x_wconf 79' lang='lat' dir='ltr'><strong>conatus.-</strong></span> <span class='ocrx_word' id='word_1_80' title='bbox 1297 1544 1764 1622; x_wconf 75' lang='lat' dir='ltr'><strong>consentiente</strong></span> <span class='ocrx_word' id='word_1_81' title='bbox 1814 1547 2129 1621; x_wconf 86' lang='lat' dir='ltr'><strong>librorum</strong></span> <span class='ocrx_word' id='word_1_82' title='bbox 2176 1548 2552 1670; x_wconf 77' lang='lat' dir='ltr'><strong>scriptura</strong></span> 
     </span>
     <span class='ocr_line' id='line_1_12' title="bbox 272 1648 2502 1748; baseline 0 -22"><span class='ocrx_word' id='word_1_83' title='bbox 272 1660 412 1738; x_wconf 82' lang='grc' dir='ltr'><strong>τᾶς</strong></span> <span class='ocrx_word' id='word_1_84' title='bbox 462 1651 712 1736; x_wconf 80' lang='grc' dir='ltr'><strong><em>ξενέας</em></strong></span> <span class='ocrx_word' id='word_1_85' title='bbox 786 1650 923 1724; x_wconf 83' lang='lat' dir='ltr'><strong>veri</strong></span> <span class='ocrx_word' id='word_1_86' title='bbox 996 1651 1391 1724; x_wconf 80' lang='lat' dir='ltr'><strong>simillimum</strong></span> <span class='ocrx_word' id='word_1_87' title='bbox 1465 1658 1569 1724; x_wconf 84' lang='lat' dir='ltr'><strong>est</strong></span> <span class='ocrx_word' id='word_1_88' title='bbox 1643 1658 1782 1735; x_wconf 81' lang='grc' dir='ltr'><strong>τᾶς</strong></span> <span class='ocrx_word' id='word_1_89' title='bbox 1831 1648 2115 1735; x_wconf 77' lang='grc' dir='ltr'><strong>ξείνας.</strong></span> <span class='ocrx_word' id='word_1_90' title='bbox 2193 1675 2321 1748; x_wconf 85' lang='lat' dir='ltr'><strong>quo</strong></span> <span class='ocrx_word' id='word_1_91' title='bbox 2371 1675 2502 1727; x_wconf 90' lang='grc' dir='ltr'><strong>ιιο-</strong></span> 
     </span>
     <span class='ocr_line' id='line_1_13' title="bbox 274 1750 2502 1955; baseline 0.001 -128"><span class='ocrx_word' id='word_1_92' title='bbox 274 1777 464 1955; x_wconf 53' lang='lat' dir='ltr'><strong>m</strong></span> <span class='ocrx_word' id='word_1_93' title='bbox 494 1753 744 1929; x_wconf 54' lang='lat' dir='ltr'><strong>rggitam</strong></span> <span class='ocrx_word' id='word_1_94' title='bbox 787 1753 969 1928; x_wconf 52' lang='lat' dir='ltr'><strong>llsltam</strong></span> <span class='ocrx_word' id='word_1_95' title='bbox 1017 1778 1332 1928; x_wconf 51' lang='lat' dir='ltr'><strong>utlffinem</strong></span> <span class='ocrx_word' id='word_1_96' title='bbox 1380 1750 1747 1850; x_wconf 81' lang='lat' dir='ltr'><strong>significat,</strong></span> <span class='ocrx_word' id='word_1_97' title='bbox 1821 1752 2010 1826; x_wconf 83' lang='lat' dir='ltr'><strong>cuius</strong></span> <span class='ocrx_word' id='word_1_98' title='bbox 2073 1776 2296 1829; x_wconf 84' lang='lat' dir='ltr'><strong>amore</strong></span> <span class='ocrx_word' id='word_1_99' title='bbox 2348 1752 2502 1829; x_wconf 83' lang='lat' dir='ltr'><strong>Da-</strong></span> 
     </span>
    </p>

    <p class='ocr_par' dir='ltr' id='par_1_4' title="bbox 558 1879 1368 1930">
     <span class='ocr_line' id='line_1_14' title="bbox 558 1879 1368 1930; baseline 0.003 -4"><span class='ocrx_word' id='word_1_100' title='bbox 558 1882 624 1930; x_wconf 87' lang='grc' dir='ltr'><strong>ιο</strong></span> <span class='ocrx_word' id='word_1_101' title='bbox 655 1880 732 1928; x_wconf 92' lang='lat' dir='ltr'><strong>us</strong></span> <span class='ocrx_word' id='word_1_102' title='bbox 779 1880 818 1928; x_wconf 95' lang='lat' dir='ltr'><strong>e</strong></span> <span class='ocrx_word' id='word_1_103' title='bbox 931 1879 1060 1930; x_wconf 93' lang='lat' dir='ltr'><strong>con</strong></span> <span class='ocrx_word' id='word_1_104' title='bbox 1169 1880 1368 1929; x_wconf 87' lang='lat' dir='ltr'><strong>u1sse.</strong></span> 
     </span>
    </p>

    <p class='ocr_par' dir='ltr' id='par_1_5' title="bbox 477 1954 1525 2054">
     <span class='ocr_line' id='line_1_15' title="bbox 477 1954 1525 2054; baseline -0.001 -23"><span class='ocrx_word' id='word_1_105' title='bbox 477 1956 573 2032; x_wconf 87' lang='lat' dir='ltr'><strong>V.</strong></span> <span class='ocrx_word' id='word_1_106' title='bbox 634 1963 671 2031; x_wconf 92' lang='lat' dir='ltr'><strong>l</strong></span> <span class='ocrx_word' id='word_1_107' title='bbox 686 1956 803 2031; x_wconf 88' lang='grc'><strong>15.</strong></span> <span class='ocrx_word' id='word_1_108' title='bbox 853 1954 1138 2054; x_wconf 84' lang='lat' dir='ltr'><strong>Legitur</strong></span> <span class='ocrx_word' id='word_1_109' title='bbox 1183 1958 1257 2030; x_wconf 91' lang='lat' dir='ltr'><strong>in</strong></span> <span class='ocrx_word' id='word_1_110' title='bbox 1303 1955 1525 2030; x_wconf 81' lang='lat' dir='ltr'><strong>libris=</strong></span> 
     </span>
    </p>

    <p class='ocr_par' dir='ltr' id='par_1_6' title="bbox 474 2055 2417 2160">
     <span class='ocr_line' id='line_1_16' title="bbox 474 2055 2417 2160; baseline -0.001 -23"><span class='ocrx_word' id='word_1_111' title='bbox 474 2062 720 2160; x_wconf 76' lang='grc' dir='ltr'><strong><em>ὔμμες</em></strong></span> <span class='ocrx_word' id='word_1_112' title='bbox 767 2060 851 2138; x_wconf 72' lang='grc' dir='ltr'><strong>δ’</strong></span> <span class='ocrx_word' id='word_1_113' title='bbox 896 2057 1213 2144; x_wconf 77' lang='grc' dir='ltr'><strong><em>Ὑετίδος</em></strong></span> <span class='ocrx_word' id='word_1_114' title='bbox 1259 2059 1388 2136; x_wconf 86' lang='grc' dir='ltr'><strong>καὶ</strong></span> <span class='ocrx_word' id='word_1_115' title='bbox 1436 2055 1825 2157; x_wconf 77' lang='grc' dir='ltr'><strong><em>Βυβλίὸος</em></strong></span> <span class='ocrx_word' id='word_1_116' title='bbox 1875 2056 2028 2135; x_wconf 77' lang='grc' dir='ltr'><strong>ἆδύ</strong></span> <span class='ocrx_word' id='word_1_117' title='bbox 2079 2055 2417 2145; x_wconf 81' lang='grc' dir='ltr'><strong><em>λιπόντες</em></strong></span> 
     </span>
    </p>

    <p class='ocr_par' dir='ltr' id='par_1_7' title="bbox 474 2160 2493 2260">
     <span class='ocr_line' id='line_1_17' title="bbox 474 2160 2493 2260; baseline -0.001 -19"><span class='ocrx_word' id='word_1_118' title='bbox 474 2171 730 2260; x_wconf 71' lang='grc' dir='ltr'><strong><em>νᾶμα,</em></strong></span> <span class='ocrx_word' id='word_1_119' title='bbox 781 2161 911 2239; x_wconf 82' lang='grc' dir='ltr'><strong>καὶ</strong></span> <span class='ocrx_word' id='word_1_120' title='bbox 960 2168 1329 2247; x_wconf 73' lang='grc' dir='ltr'><strong><em>οἰκεῦντες</em></strong></span> <span class='ocrx_word' id='word_1_121' title='bbox 1377 2165 1674 2248; x_wconf 75' lang='grc' dir='ltr'><strong><em>ξανθᾶς</em></strong></span> <span class='ocrx_word' id='word_1_122' title='bbox 1723 2160 1890 2245; x_wconf 74' lang='grc' dir='ltr'><strong><em>ἕδος</em></strong></span> <span class='ocrx_word' id='word_1_123' title='bbox 1942 2161 2127 2238; x_wconf 76' lang='grc' dir='ltr'><strong><em>αἰπὺ</em></strong></span> <span class='ocrx_word' id='word_1_124' title='bbox 2169 2160 2493 2257; x_wconf 80' lang='grc' dir='ltr'><strong><em>Διώνας,</em></strong></span> 
     </span>
    </p>

    <p class='ocr_par' dir='ltr' id='par_1_8' title="bbox 473 2262 2293 2394">
     <span class='ocr_line' id='line_1_18' title="bbox 473 2262 2293 2394; baseline -0.001 -53"><span class='ocrx_word' id='word_1_125' title='bbox 473 2262 540 2341; x_wconf 80' lang='grc' dir='ltr'><em>ὦ</em></span> <span class='ocrx_word' id='word_1_126' title='bbox 590 2263 940 2363; x_wconf 79' lang='grc' dir='ltr'><strong>μάλοισιν</strong></span> <span class='ocrx_word' id='word_1_127' title='bbox 973 2266 1306 2360; x_wconf 77' lang='grc' dir='ltr'><strong><em>’Ἔρωτες</em></strong></span> <span class='ocrx_word' id='word_1_128' title='bbox 1357 2263 1971 2394; x_wconf 72' lang='grc' dir='ltr'><strong><em>ἐρευθομένοισιν</em></strong></span> <span class='ocrx_word' id='word_1_129' title='bbox 2021 2264 2293 2363; x_wconf 76' lang='grc' dir='ltr'><strong><em>ὁμοῖοι,</em></strong></span> 
     </span>
    </p>

    <p class='ocr_par' dir='ltr' id='par_1_9' title="bbox 273 2363 2499 3904">
     <span class='ocr_line' id='line_1_19' title="bbox 475 2363 2317 2467; baseline 0.001 -23"><span class='ocrx_word' id='word_1_130' title='bbox 475 2366 792 2467; x_wconf 79' lang='grc' dir='ltr'><strong><em>βάλλετε</em></strong></span> <span class='ocrx_word' id='word_1_131' title='bbox 831 2396 964 2467; x_wconf 87' lang='grc' dir='ltr'><strong><em>μοι</em></strong></span> <span class='ocrx_word' id='word_1_132' title='bbox 1011 2365 1292 2453; x_wconf 83' lang='grc' dir='ltr'><strong>τόξοισι</strong></span> <span class='ocrx_word' id='word_1_133' title='bbox 1338 2367 1478 2445; x_wconf 85' lang='grc' dir='ltr'><strong><em>τὸν</em></strong></span> <span class='ocrx_word' id='word_1_134' title='bbox 1528 2363 1923 2467; x_wconf 77' lang='grc' dir='ltr'><strong><em>ἱμερόεντα</em></strong></span> <span class='ocrx_word' id='word_1_135' title='bbox 1976 2374 2317 2445; x_wconf 81' lang='grc' dir='ltr'><strong><em>Φιλῖνον.</em></strong></span> 
     </span>
     <span class='ocr_line' id='line_1_20' title="bbox 274 2469 2499 2569; baseline 0 -21"><span class='ocrx_word' id='word_1_136' title='bbox 274 2469 608 2566; x_wconf 86' lang='lat' dir='ltr'><strong>Reiskius‚</strong></span> <span class='ocrx_word' id='word_1_137' title='bbox 665 2473 762 2545; x_wconf 85' lang='lat' dir='ltr'><strong>vir</strong></span> <span class='ocrx_word' id='word_1_138' title='bbox 809 2470 991 2545; x_wconf 85' lang='lat' dir='ltr'><strong>acuti</strong></span> <span class='ocrx_word' id='word_1_139' title='bbox 1036 2470 1300 2565; x_wconf 86' lang='lat' dir='ltr'><strong>iudicii,</strong></span> <span class='ocrx_word' id='word_1_140' title='bbox 1350 2470 1510 2545; x_wconf 86' lang='lat' dir='ltr'><strong>licet</strong></span> <span class='ocrx_word' id='word_1_141' title='bbox 1553 2470 1669 2543; x_wconf 88' lang='lat' dir='ltr'><strong>ille</strong></span> <span class='ocrx_word' id='word_1_142' title='bbox 1732 2494 1867 2543; x_wconf 93' lang='lat' dir='ltr'><strong>non</strong></span> <span class='ocrx_word' id='word_1_143' title='bbox 1913 2471 2166 2569; x_wconf 76' lang='lat' dir='ltr'><strong>ubique</strong></span> <span class='ocrx_word' id='word_1_144' title='bbox 2217 2471 2450 2546; x_wconf 81' lang='lat' dir='ltr'><strong>felix</strong></span> <span class='ocrx_word' id='word_1_145' title='bbox 2424 2498 2499 2548; x_wconf 86' lang='grc' dir='ltr'><strong>ιιι</strong></span> 
     </span>
     <span class='ocr_line' id='line_1_21' title="bbox 274 2565 2498 2670; baseline -0 -19"><span class='ocrx_word' id='word_1_146' title='bbox 274 2574 573 2652; x_wconf 75' lang='lat' dir='ltr'><strong>tollendis</strong></span> <span class='ocrx_word' id='word_1_147' title='bbox 622 2575 795 2647; x_wconf 80' lang='lat' dir='ltr'><strong>vitiis</strong></span> <span class='ocrx_word' id='word_1_148' title='bbox 809 2624 836 2668; x_wconf 88' lang='lat'>‚</span> <span class='ocrx_word' id='word_1_149' title='bbox 901 2597 1036 2647; x_wconf 89' lang='lat' dir='ltr'><strong>non</strong></span> <span class='ocrx_word' id='word_1_150' title='bbox 1098 2597 1458 2670; x_wconf 76' lang='lat' dir='ltr'><strong>congruere</strong></span> <span class='ocrx_word' id='word_1_151' title='bbox 1529 2565 1862 2658; x_wconf 82' lang='grc' dir='ltr'><strong><em>λιπόντες</em></strong></span> <span class='ocrx_word' id='word_1_152' title='bbox 1927 2597 2080 2647; x_wconf 81' lang='lat' dir='ltr'><strong>cum</strong></span> <span class='ocrx_word' id='word_1_153' title='bbox 2130 2577 2498 2661; x_wconf 77' lang='grc' dir='ltr'><strong><em>οἶκεῦντες</em></strong></span> 
     </span>
     <span class='ocr_line' id='line_1_22' title="bbox 275 2669 2496 2775; baseline 0 -24"><span class='ocrx_word' id='word_1_154' title='bbox 275 2679 453 2753; x_wconf 76' lang='lat' dir='ltr'><strong>vidit.</strong></span> <span class='ocrx_word' id='word_1_155' title='bbox 561 2676 696 2769; x_wconf 76' lang='lat' dir='ltr'><strong>Qui</strong></span> <span class='ocrx_word' id='word_1_156' title='bbox 745 2701 825 2750; x_wconf 92' lang='lat' dir='ltr'><strong>eo</strong></span> <span class='ocrx_word' id='word_1_157' title='bbox 875 2675 1040 2750; x_wconf 87' lang='lat' dir='ltr'><strong>haec</strong></span> <span class='ocrx_word' id='word_1_158' title='bbox 1091 2676 1400 2775; x_wconf 82' lang='lat' dir='ltr'><strong>expedire</strong></span> <span class='ocrx_word' id='word_1_159' title='bbox 1449 2674 1834 2771; x_wconf 83' lang='lat' dir='ltr'><strong>voluerunt,</strong></span> <span class='ocrx_word' id='word_1_160' title='bbox 1909 2684 1987 2749; x_wconf 90' lang='lat' dir='ltr'><strong>ut</strong></span> <span class='ocrx_word' id='word_1_161' title='bbox 2048 2669 2271 2751; x_wconf 79' lang='lat' dir='ltr'><strong>sedem</strong></span> <span class='ocrx_word' id='word_1_162' title='bbox 2317 2676 2496 2752; x_wconf 82' lang='lat' dir='ltr'><strong>Dio-</strong></span> 
     </span>
     <span class='ocr_line' id='line_1_23' title="bbox 273 2776 2499 2878; baseline -0.002 -19"><span class='ocrx_word' id='word_1_163' title='bbox 273 2804 391 2860; x_wconf 75' lang='lat' dir='ltr'><strong>nae</strong></span> <span class='ocrx_word' id='word_1_164' title='bbox 443 2777 735 2878; x_wconf 75' lang='lat' dir='ltr'><strong>cyprum</strong></span> <span class='ocrx_word' id='word_1_165' title='bbox 782 2779 887 2853; x_wconf 83' lang='lat' dir='ltr'><strong>vel</strong></span> <span class='ocrx_word' id='word_1_166' title='bbox 933 2776 1220 2875; x_wconf 78' lang='lat' dir='ltr'><strong>Erycem</strong></span> <span class='ocrx_word' id='word_1_167' title='bbox 1270 2803 1416 2852; x_wconf 85' lang='lat' dir='ltr'><strong>esse</strong></span> <span class='ocrx_word' id='word_1_168' title='bbox 1464 2786 1851 2871; x_wconf 88' lang='lat' dir='ltr'><strong>censerent,</strong></span> <span class='ocrx_word' id='word_1_169' title='bbox 1912 2802 2045 2850; x_wconf 91' lang='grc' dir='ltr'><strong>ιιοιι</strong></span> <span class='ocrx_word' id='word_1_170' title='bbox 2110 2780 2321 2854; x_wconf 89' lang='lat' dir='ltr'><strong>solum</strong></span> <span class='ocrx_word' id='word_1_171' title='bbox 2371 2779 2499 2854; x_wconf 82' lang='lat' dir='ltr'><strong>ob-</strong></span> 
     </span>
     <span class='ocr_line' id='line_1_24' title="bbox 277 2880 2495 2988; baseline -0 -31"><span class='ocrx_word' id='word_1_172' title='bbox 277 2908 488 2977; x_wconf 84' lang='lat' dir='ltr'><strong>scure,</strong></span> <span class='ocrx_word' id='word_1_173' title='bbox 541 2882 660 2955; x_wconf 91' lang='lat' dir='ltr'><strong>sed</strong></span> <span class='ocrx_word' id='word_1_174' title='bbox 709 2882 906 2988; x_wconf 84' lang='lat' dir='ltr'><strong>etiam</strong></span> <span class='ocrx_word' id='word_1_175' title='bbox 954 2881 1174 2981; x_wconf 85' lang='lat' dir='ltr'><strong>inepte</strong></span> <span class='ocrx_word' id='word_1_176' title='bbox 1233 2881 1607 2979; x_wconf 85' lang='lat' dir='ltr'><strong>loquentem</strong></span> <span class='ocrx_word' id='word_1_177' title='bbox 1670 2882 1970 2955; x_wconf 87' lang='lat' dir='ltr'><strong>fecerunt</strong></span> <span class='ocrx_word' id='word_1_178' title='bbox 2036 2880 2495 2956; x_wconf 85' lang='lat' dir='ltr'><strong>Theocritum.</strong></span> 
     </span>
     <span class='ocr_line' id='line_1_25' title="bbox 275 2976 2497 3088; baseline 0.001 -30"><span class='ocrx_word' id='word_1_179' title='bbox 275 2983 519 3060; x_wconf 83' lang='lat' dir='ltr'><strong>Fontes</strong></span> <span class='ocrx_word' id='word_1_180' title='bbox 568 2985 668 3056; x_wconf 89' lang='lat' dir='ltr'><strong>illi</strong></span> <span class='ocrx_word' id='word_1_181' title='bbox 715 2976 913 3084; x_wconf 76' lang='lat' dir='ltr'><strong>&#39;quum</strong></span> <span class='ocrx_word' id='word_1_182' title='bbox 961 2983 1095 3057; x_wconf 88' lang='lat' dir='ltr'><strong>sint</strong></span> <span class='ocrx_word' id='word_1_183' title='bbox 1137 2981 1397 3077; x_wconf 87' lang='lat' dir='ltr'><strong>Mileti,</strong></span> <span class='ocrx_word' id='word_1_184' title='bbox 1448 3007 1582 3056; x_wconf 93' lang='lat' dir='ltr'><strong>non</strong></span> <span class='ocrx_word' id='word_1_185' title='bbox 1632 2990 1737 3056; x_wconf 87' lang='lat' dir='ltr'><strong>est</strong></span> <span class='ocrx_word' id='word_1_186' title='bbox 1800 2982 2216 3055; x_wconf 86' lang='lat' dir='ltr'><strong>dubitandum</strong></span> <span class='ocrx_word' id='word_1_187' title='bbox 2229 3036 2257 3078; x_wconf 82' lang='lat'><strong><em>,</em></strong></span> <span class='ocrx_word' id='word_1_188' title='bbox 2338 2986 2497 3088; x_wconf 77' lang='lat' dir='ltr'><strong>quin</strong></span> 
     </span>
     <span class='ocr_line' id='line_1_26' title="bbox 274 3083 2497 3187; baseline 0 -26"><span class='ocrx_word' id='word_1_189' title='bbox 274 3089 441 3161; x_wconf 85' lang='lat' dir='ltr'><strong>illam</strong></span> <span class='ocrx_word' id='word_1_190' title='bbox 494 3088 708 3187; x_wconf 82' lang='lat' dir='ltr'><strong>ipsam</strong></span> <span class='ocrx_word' id='word_1_191' title='bbox 753 3088 982 3161; x_wconf 87' lang='lat' dir='ltr'><strong>urbem</strong></span> <span class='ocrx_word' id='word_1_192' title='bbox 1032 3086 1255 3159; x_wconf 89' lang='lat' dir='ltr'><strong>sedem</strong></span> <span class='ocrx_word' id='word_1_193' title='bbox 1302 3084 1561 3159; x_wconf 85' lang='lat' dir='ltr'><strong>Dionae</strong></span> <span class='ocrx_word' id='word_1_194' title='bbox 1608 3084 2032 3185; x_wconf 82' lang='lat' dir='ltr'><strong>appellaverit</strong></span> <span class='ocrx_word' id='word_1_195' title='bbox 2076 3094 2294 3183; x_wconf 82' lang='lat' dir='ltr'><strong>poeta.</strong></span> <span class='ocrx_word' id='word_1_196' title='bbox 2383 3083 2497 3163; x_wconf 90' lang='lat' dir='ltr'><strong>Et</strong></span> 
     </span>
     <span class='ocr_line' id='line_1_27' title="bbox 277 3186 2499 3288; baseline -0.001 -24"><span class='ocrx_word' id='word_1_197' title='bbox 277 3192 556 3288; x_wconf 77' lang='lat' dir='ltr'><strong>viguisse</strong></span> <span class='ocrx_word' id='word_1_198' title='bbox 605 3190 698 3262; x_wconf 83' lang='lat' dir='ltr'><strong>ibi</strong></span> <span class='ocrx_word' id='word_1_199' title='bbox 749 3190 995 3263; x_wconf 90' lang='lat' dir='ltr'><strong>cultum</strong></span> <span class='ocrx_word' id='word_1_200' title='bbox 1043 3186 1324 3262; x_wconf 88' lang='lat' dir='ltr'><strong>Veneris</strong></span> <span class='ocrx_word' id='word_1_201' title='bbox 1374 3189 1658 3262; x_wconf 80' lang='lat' dir='ltr'><strong>ostendit</strong></span> <span class='ocrx_word' id='word_1_202' title='bbox 1706 3186 2145 3288; x_wconf 84' lang='lat' dir='ltr'><strong>Spanhemius</strong></span> <span class='ocrx_word' id='word_1_203' title='bbox 2195 3189 2281 3261; x_wconf 77' lang='lat' dir='ltr'><strong>ad</strong></span> <span class='ocrx_word' id='word_1_204' title='bbox 2332 3186 2499 3264; x_wconf 78' lang='lat' dir='ltr'><strong>Gal-</strong></span> 
     </span>
     <span class='ocr_line' id='line_1_28' title="bbox 276 3288 2499 3389; baseline 0 -22"><span class='ocrx_word' id='word_1_205' title='bbox 276 3293 406 3368; x_wconf 84' lang='lat' dir='ltr'><strong>lim.</strong></span> <span class='ocrx_word' id='word_1_206' title='bbox 458 3292 528 3366; x_wconf 84' lang='lat' dir='ltr'><strong>h.</strong></span> <span class='ocrx_word' id='word_1_207' title='bbox 578 3291 783 3365; x_wconf 83' lang='lat' dir='ltr'><strong>Dian.</strong></span> <span class='ocrx_word' id='word_1_208' title='bbox 836 3288 1239 3365; x_wconf 82' lang='lat' dir='ltr'><strong>225.1ta</strong></span> <span class='ocrx_word' id='word_1_209' title='bbox 1287 3316 1442 3365; x_wconf 82' lang='lat' dir='ltr'><strong>vero</strong></span> <span class='ocrx_word' id='word_1_210' title='bbox 1506 3290 1635 3370; x_wconf 83' lang='grc' dir='ltr'><strong>καὶ</strong></span> <span class='ocrx_word' id='word_1_211' title='bbox 1685 3296 2053 3376; x_wconf 74' lang='grc' dir='ltr'><strong><em>οἰκεῦντες</em></strong></span> <span class='ocrx_word' id='word_1_212' title='bbox 2116 3291 2336 3389; x_wconf 86' lang='lat' dir='ltr'><strong>inepte</strong></span> <span class='ocrx_word' id='word_1_213' title='bbox 2389 3293 2499 3367; x_wconf 88' lang='lat' dir='ltr'><strong>di-</strong></span> 
     </span>
     <span class='ocr_line' id='line_1_29' title="bbox 280 3380 2497 3495; baseline 0.001 -26"><span class='ocrx_word' id='word_1_214' title='bbox 280 3405 450 3469; x_wconf 91' lang='lat' dir='ltr'><strong>ctum</strong></span> <span class='ocrx_word' id='word_1_215' title='bbox 499 3419 649 3468; x_wconf 88' lang='lat' dir='ltr'><strong>esse</strong></span> <span class='ocrx_word' id='word_1_216' title='bbox 694 3403 901 3495; x_wconf 78' lang='lat' dir='ltr'><strong>patet.</strong></span> <span class='ocrx_word' id='word_1_217' title='bbox 1001 3380 1267 3467; x_wconf 83' lang='lat' dir='ltr'><strong>Relicta</strong></span> <span class='ocrx_word' id='word_1_218' title='bbox 1314 3394 1488 3468; x_wconf 89' lang='lat' dir='ltr'><strong>enim</strong></span> <span class='ocrx_word' id='word_1_219' title='bbox 1548 3394 1784 3468; x_wconf 88' lang='lat' dir='ltr'><strong>Mileto</strong></span> <span class='ocrx_word' id='word_1_220' title='bbox 1849 3392 2142 3467; x_wconf 81' lang='lat' dir='ltr'><strong>habitare</strong></span> <span class='ocrx_word' id='word_1_221' title='bbox 2190 3394 2497 3471; x_wconf 84' lang='lat' dir='ltr'><strong>Miletum</strong></span> 
     </span>
     <span class='ocr_line' id='line_1_30' title="bbox 277 3495 2494 3594; baseline 0.001 -23"><span class='ocrx_word' id='word_1_222' title='bbox 277 3498 642 3572; x_wconf 77' lang='lat' dir='ltr'><strong>dicerentur</strong></span> <span class='ocrx_word' id='word_1_223' title='bbox 720 3495 1027 3594; x_wconf 83' lang='lat' dir='ltr'><strong>Amores.</strong></span> <span class='ocrx_word' id='word_1_224' title='bbox 1175 3495 1397 3588; x_wconf 76' lang='lat' dir='ltr'><strong>Quare</strong></span> <span class='ocrx_word' id='word_1_225' title='bbox 1476 3497 1887 3570; x_wconf 87' lang='lat' dir='ltr'><strong>scribendum</strong></span> <span class='ocrx_word' id='word_1_226' title='bbox 1964 3505 2494 3583; x_wconf 81' lang='grc' dir='ltr'><strong><em>κατοικεῦντες.</em></strong></span> 
     </span>
     <span class='ocr_line' id='line_1_31' title="bbox 280 3593 2493 3698; baseline 0.001 -24"><span class='ocrx_word' id='word_1_227' title='bbox 280 3600 640 3675; x_wconf 83' lang='lat' dir='ltr'><strong>Cohaerent</strong></span> <span class='ocrx_word' id='word_1_228' title='bbox 685 3601 884 3673; x_wconf 83' lang='lat' dir='ltr'><strong>verba</strong></span> <span class='ocrx_word' id='word_1_229' title='bbox 929 3599 1058 3674; x_wconf 86' lang='lat' dir='ltr'><strong>hoc</strong></span> <span class='ocrx_word' id='word_1_230' title='bbox 1106 3599 1338 3674; x_wconf 80' lang='lat' dir='ltr'><strong>modo.</strong></span> <span class='ocrx_word' id='word_1_231' title='bbox 1404 3599 1647 3698; x_wconf 74' lang='grc' dir='ltr'><strong><em>ὔμμες</em></strong></span> <span class='ocrx_word' id='word_1_232' title='bbox 1695 3596 1821 3689; x_wconf 76' lang='grc' dir='ltr'><strong>δε,</strong></span> <span class='ocrx_word' id='word_1_233' title='bbox 1873 3593 1937 3675; x_wconf 82' lang='grc' dir='ltr'><strong><em>ὦ</em></strong></span> <span class='ocrx_word' id='word_1_234' title='bbox 1985 3608 2493 3687; x_wconf 80' lang='grc' dir='ltr'><strong><em>κατοικεῢντες</em></strong></span> 
     </span>
     <span class='ocr_line' id='line_1_32' title="bbox 280 3685 2491 3804; baseline 0.002 -27"><span class='ocrx_word' id='word_1_235' title='bbox 280 3685 440 3788; x_wconf 83' lang='grc' dir='ltr'><strong><em>ε’δος</em></strong></span> <span class='ocrx_word' id='word_1_236' title='bbox 487 3699 789 3788; x_wconf 79' lang='grc' dir='ltr'><strong><em>Διώνας</em></strong></span> <span class='ocrx_word' id='word_1_237' title='bbox 820 3704 1194 3802; x_wconf 80' lang='grc' dir='ltr'><strong><em>”,Ερωτες</em></strong></span> <span class='ocrx_word' id='word_1_238' title='bbox 1273 3699 1609 3788; x_wconf 87' lang='grc' dir='ltr'><strong><em>λιπόντες</em></strong></span> <span class='ocrx_word' id='word_1_239' title='bbox 1649 3701 1971 3787; x_wconf 56' lang='lat' dir='ltr'><strong>‘revictos</strong></span> <span class='ocrx_word' id='word_1_240' title='bbox 2019 3702 2149 3778; x_wconf 79' lang='grc' dir='ltr'><strong>καὶ</strong></span> <span class='ocrx_word' id='word_1_241' title='bbox 2197 3704 2491 3804; x_wconf 79' lang='grc' dir='ltr'><strong><em>Βυβλί-</em></strong></span> 
     </span>
     <span class='ocr_line' id='line_1_33' title="bbox 279 3802 2333 3904; baseline -0.001 -23"><span class='ocrx_word' id='word_1_242' title='bbox 279 3805 404 3891; x_wconf 83' lang='grc' dir='ltr'><strong>δος</strong></span> <span class='ocrx_word' id='word_1_243' title='bbox 443 3814 679 3902; x_wconf 81' lang='grc' dir='ltr'><strong><em>νᾶμα,</em></strong></span> <span class='ocrx_word' id='word_1_244' title='bbox 730 3802 1038 3904; x_wconf 80' lang='grc' dir='ltr'><strong><em>βαλλετε</em></strong></span> <span class='ocrx_word' id='word_1_245' title='bbox 1093 3810 1435 3883; x_wconf 81' lang='grc' dir='ltr'><strong><em>Φιλῖνον.</em></strong></span> <span class='ocrx_word' id='word_1_246' title='bbox 1537 3804 1935 3882; x_wconf 88' lang='lat' dir='ltr'><strong>Rectissime</strong></span> <span class='ocrx_word' id='word_1_247' title='bbox 1984 3803 2333 3879; x_wconf 85' lang='lat' dir='ltr'><strong>Heinsius.</strong></span> 
     </span>
    </p>

    <p class='ocr_par' dir='ltr' id='par_1_10' title="bbox 472 3905 2407 4006">
     <span class='ocr_line' id='line_1_34' title="bbox 472 3905 2407 4006; baseline -0.001 -25"><span class='ocrx_word' id='word_1_248' title='bbox 472 3906 582 3981; x_wconf 78' lang='lat' dir='ltr'><strong>At</strong></span> <span class='ocrx_word' id='word_1_249' title='bbox 625 3930 755 3980; x_wconf 79' lang='lat' dir='ltr'><strong>vos</strong></span> <span class='ocrx_word' id='word_1_250' title='bbox 802 3905 1177 4006; x_wconf 65' lang='lat' dir='ltr'><strong>Hyeto‘dos</strong></span> <span class='ocrx_word' id='word_1_251' title='bbox 1191 3959 1219 4002; x_wconf 89' lang='lat'>,</span> <span class='ocrx_word' id='word_1_252' title='bbox 1270 3929 1398 3979; x_wconf 77' lang='lat' dir='ltr'><strong>vos</strong></span> <span class='ocrx_word' id='word_1_253' title='bbox 1448 3906 1695 3980; x_wconf 67' lang='lat' dir='ltr'><strong>missis</strong></span> <span class='ocrx_word' id='word_1_254' title='bbox 1742 3905 2107 4004; x_wconf 68' lang='lat' dir='ltr'><strong>Byblidos</strong></span> <span class='ocrx_word' id='word_1_255' title='bbox 2153 3907 2407 4003; x_wconf 53' lang='lat' dir='ltr'><strong>undas,</strong></span> 
     </span>
    </p>

    <p class='ocr_par' dir='ltr' id='par_1_11' title="bbox 473 4007 2228 4109">
     <span class='ocr_line' id='line_1_35' title="bbox 473 4007 2228 4109; baseline -0.001 -25"><span class='ocrx_word' id='word_1_256' title='bbox 473 4009 612 4109; x_wconf 61' lang='grc' dir='ltr'><strong>ραι·</strong></span> <span class='ocrx_word' id='word_1_257' title='bbox 651 4010 901 4084; x_wconf 68' lang='lat' dir='ltr'><strong>colitis</strong></span> <span class='ocrx_word' id='word_1_258' title='bbox 926 4010 1201 4105; x_wconf 79' lang='lat' dir='ltr'><strong>flavae</strong></span> <span class='ocrx_word' id='word_1_259' title='bbox 1250 4008 1602 4083; x_wconf 75' lang='lat' dir='ltr'><strong>sublnm’a</strong></span> <span class='ocrx_word' id='word_1_260' title='bbox 1651 4021 1861 4088; x_wconf 81' lang='lat' dir='ltr'><strong>tecta</strong></span> <span class='ocrx_word' id='word_1_261' title='bbox 1895 4007 2228 4105; x_wconf 69' lang='lat' dir='ltr'><strong>Diones,</strong></span> 
     </span>
    </p>

    <p class='ocr_par' dir='ltr' id='par_1_12' title="bbox 474 4112 2416 4209">
     <span class='ocr_line' id='line_1_36' title="bbox 474 4112 2416 4209; baseline -0.001 -24"><span class='ocrx_word' id='word_1_262' title='bbox 474 4136 521 4185; x_wconf 93' lang='grc' dir='ltr'><strong><em>ο</em></strong></span> <span class='ocrx_word' id='word_1_263' title='bbox 569 4113 850 4195; x_wconf 68' lang='lat' dir='ltr'><strong>similes</strong></span> <span class='ocrx_word' id='word_1_264' title='bbox 899 4113 1122 4186; x_wconf 74' lang='lat' dir='ltr'><strong>malis</strong></span> <span class='ocrx_word' id='word_1_265' title='bbox 1149 4112 1646 4208; x_wconf 70' lang='lat' dir='ltr'><strong>florentibus,</strong></span> <span class='ocrx_word' id='word_1_266' title='bbox 1699 4138 1978 4209; x_wconf 77' lang='lat' dir='ltr'><strong>agmen</strong></span> <span class='ocrx_word' id='word_1_267' title='bbox 2024 4113 2416 4205; x_wconf 77' lang='lat' dir='ltr'><strong>Amorum,</strong></span> 
     </span>
    </p>

    <p class='ocr_par' dir='ltr' id='par_1_13' title="bbox 473 4214 2366 4313">
     <span class='ocr_line' id='line_1_37' title="bbox 473 4214 2366 4313; baseline -0.001 -24"><span class='ocrx_word' id='word_1_268' title='bbox 473 4217 771 4311; x_wconf 61' lang='lat' dir='ltr'><strong>tangite</strong></span> <span class='ocrx_word' id='word_1_269' title='bbox 799 4215 1094 4313; x_wconf 71' lang='lat' dir='ltr'><strong>festwi</strong></span> <span class='ocrx_word' id='word_1_270' title='bbox 1093 4269 1122 4311; x_wconf 86' lang='lat'>,</span> <span class='ocrx_word' id='word_1_271' title='bbox 1171 4215 1371 4289; x_wconf 69' lang='lat' dir='ltr'><strong>mihi</strong></span> <span class='ocrx_word' id='word_1_272' title='bbox 1410 4217 1711 4312; x_wconf 71' lang='lat' dir='ltr'><strong>tcmgo’te</strong></span> <span class='ocrx_word' id='word_1_273' title='bbox 1757 4215 2003 4292; x_wconf 72' lang='lat' dir='ltr'><strong>corda</strong></span> <span class='ocrx_word' id='word_1_274' title='bbox 2049 4214 2366 4290; x_wconf 68' lang='lat' dir='ltr'><strong>Philmi.</strong></span> 
     </span>
    </p>

    <p class='ocr_par' dir='ltr' id='par_1_14' title="bbox 471 4315 2486 4420">
     <span class='ocr_line' id='line_1_38' title="bbox 471 4315 2486 4420; baseline 0.001 -27"><span class='ocrx_word' id='word_1_275' title='bbox 471 4318 560 4394; x_wconf 88' lang='lat' dir='ltr'><strong>V.</strong></span> <span class='ocrx_word' id='word_1_276' title='bbox 621 4317 793 4395; x_wconf 74' lang='lat'>154.</span> <span class='ocrx_word' id='word_1_277' title='bbox 890 4318 1107 4398; x_wconf 84' lang='lat' dir='ltr'><strong>Nimis</strong></span> <span class='ocrx_word' id='word_1_278' title='bbox 1156 4320 1404 4395; x_wconf 80' lang='lat' dir='ltr'><strong>creduli</strong></span> <span class='ocrx_word' id='word_1_279' title='bbox 1449 4322 1608 4395; x_wconf 91' lang='lat' dir='ltr'><strong>mihi</strong></span> <span class='ocrx_word' id='word_1_280' title='bbox 1660 4320 1978 4414; x_wconf 83' lang='lat' dir='ltr'><strong>videntur,</strong></span> <span class='ocrx_word' id='word_1_281' title='bbox 2029 4320 2141 4419; x_wconf 83' lang='lat' dir='ltr'><strong>qui</strong></span> <span class='ocrx_word' id='word_1_282' title='bbox 2183 4344 2227 4394; x_wconf 83' lang='lat' dir='ltr'><strong>a</strong></span> <span class='ocrx_word' id='word_1_283' title='bbox 2251 4315 2486 4420; x_wconf 81' lang='grc' dir='ltr'><strong><em>κρήνη</em></strong></span> 
     </span>
    </p>
   </div>
   <div class='ocr_carea' id='block_1_3' title="bbox 284 4419 2483 4606">
    <p class='ocr_par' dir='ltr' id='par_1_15' title="bbox 284 4419 2483 4602">
     <span class='ocr_line' id='line_1_39' title="bbox 284 4419 2483 4599; baseline 0.004 -106"><span class='ocrx_word' id='word_1_284' title='bbox 284 4419 625 4499; x_wconf 80' lang='lat' dir='ltr'><strong>derivatum</strong></span> <span class='ocrx_word' id='word_1_285' title='bbox 671 4422 850 4499; x_wconf 80' lang='grc' dir='ltr'><strong>ὃιακ</strong></span> <span class='ocrx_word' id='word_1_286' title='bbox 850 4431 1138 4522; x_wconf 81' lang='grc' dir='ltr'><strong><em>ρανοῦν</em></strong></span> <span class='ocrx_word' id='word_1_287' title='bbox 1184 4425 1257 4499; x_wconf 86' lang='grc' dir='ltr'><strong>ἱιι</strong></span> <span class='ocrx_word' id='word_1_288' title='bbox 1303 4424 1522 4500; x_wconf 84' lang='lat' dir='ltr'><strong>lexica</strong></span> <span class='ocrx_word' id='word_1_289' title='bbox 1561 4422 1917 4500; x_wconf 85' lang='lat' dir='ltr'><strong>intulerunt</strong></span> <span class='ocrx_word' id='word_1_290' title='bbox 1965 4433 2238 4599; x_wconf 69' lang='lat' dir='ltr'><strong>propter</strong></span> <span class='ocrx_word' id='word_1_291' title='bbox 2284 4422 2483 4502; x_wconf 80' lang='lat' dir='ltr'><strong>scho-</strong></span> 
     </span>
     <span class='ocr_line' id='line_1_40' title="bbox 378 4523 980 4606; baseline 0.007 -10"><span class='ocrx_word' id='word_1_292' title='bbox 378 4523 639 4601; x_wconf 74' lang='lat' dir='ltr'><strong>Hmuu.</strong></span> <span class='ocrx_word' id='word_1_293' title='bbox 693 4524 835 4606; x_wconf 78' lang='lat' dir='ltr'><strong>Or.</strong></span> <span class='ocrx_word' id='word_1_294' title='bbox 886 4524 980 4602; x_wconf 88' lang='lat' dir='ltr'><strong>V.</strong></span> 
     </span>
    </p>
   </div>
  </div>
 </body>
</html>
