3275 5317
738 414 866 486 1oe
1624 417 2091 488 scHoLAE.

733 580 885 685 γὰρ
938 583 1021 659 ἐν
1081 586 1240 666 τοῖς
1283 578 1692 666 'Aemines
1757 581 2048 683 πυροὺς
2110 580 2240 657 καὶ
2305 581 2589 679 κριθὰς
2650 583 2953 687 σπείρειν

735 686 818 762 ἕν
867 708 1020 761 τισι
1068 683 1521 784 ποαστρίοις.
1576 682 2022 785 Ποοίστριον
2070 683 2318 759 Pollux
2366 685 2536 760 VH.
2577 690 2747 762 184.
2790 719 2958 787 χορ-

729 794 1124 865 τοκοπεῖον
1172 789 1660 886 interpretatur.
1779 787 1850 862 N
1848 814 1936 864 on
1984 793 2168 863 recte
2217 789 2310 862 ibi
2377 790 2797 890 interpretes,
2845 818 2959 867 nec

729 888 1115 966 Lobeckins
1165 891 1251 964 ad
1297 890 1542 988 Plu-yn.
1591 919 1664 994 p.
1718 895 1764 966 3
1777 897 1897 968 10.
1946 900 2508 991 Χορτοκοπεῖον
2559 896 2822 994 proprie
2868 904 2959 969 est

661 1059 666 1062 ,
729 1003 992 1093 pratum
1039 995 1234 1069 foeno
1282 994 1609 1069 faciendo.
1734 993 1910 1071 Vide
1979 994 2282 1095 Geopou.
2331 994 2467 1069 [Π.
2524 1002 2603 1092 6,
2660 1001 2732 1072 7.
2797 997 2960 1073 Dio-

731 1098 976 1174 scorid.
1026 1096 1122 1169 Π.
1182 1100 1329 1174 176
1385 1098 1631 1194 (177).
1683 1097 1817 1172 lII.
1880 1102 1975 1196 18
2029 1097 2222 1196 (21).

935 1198 1030 1275 V.
1091 1205 1260 1275 121.
1326 1198 1519 1276 Scite
1591 1202 1880 1277 defendit
1943 1200 2280 1301 Spohnius
2347 1200 2737 1301 ἅεξόμενοι
2749 1254 2775 1296 ,
2855 1202 2961 1277 sed

730 1304 1156 1405 ἅεξομὲνων
1203 1313 1273 1379 et
1322 1306 1405 1377 ab
1454 1305 1639 1378 libris
1689 1307 1838 1404 plus
1888 1304 2278 1379 firmamenti
2324 1305 2546 1400 babet,
2601 1315 2672 1380 et
2712 1306 2796 1379 ad
2841 1331 2961 1378 nu-

729 1433 945 1483 meros
996 1408 1358 1505 elegantius
1409 1415 1536 1503 est,
1588 1416 1898 1507 recteque
1944 1409 2195 1483 dictum
2235 1408 2518 1503 videtur,
2571 1410 2634 1482 si
2660 1409 2776 1482 illa
2805 1434 2960 1506 quo-

727 1536 858 1612 qne
932 1511 1203 1585 arbusta
1272 1510 1346 1584 in
1407 1510 1542 1586 cito
1608 1512 2056 1587 crescentibus
2104 1510 2313 1588 hortis
2361 1510 2692 1587 Adonidis
2741 1536 2960 1586 nume·

727 1622 982 1689 rantur.

933 1716 1027 1793 V.
1101 1720 1274 1792 123.
1351 1712 1744 1816 Legendum
1805 1726 1996 1819 parte
2059 1716 2317 1793 adscita
2378 1714 2679 1793 Eldickii
2746 1718 2960 1793 conie-

725 1827 951 1897 cturae
966 1847 990 1895 ε
2188 1832 2196 1840 ‘

930 1957 997 2036 ὦ
1050 1960 1332 2060 ἔβενος,
1386 1955 1451 2034 ὦ
1494 1953 1808 2057 χρυσός,
1862 1955 1926 2058 ὢ
1978 1962 2061 2035 ἐκ
2110 1968 2348 2038 λευκώ
2402 1960 2806 2060 ἐλέφαντος

933 2068 1158 2140 alsus}
1212 2057 1560 2159 οἰνοχόον
1610 2059 1957 2164 Κρονίδᾳ
2011 2064 2146 2144 Διῒ
2188 2064 2429 2141 παῖδα
2480 2066 2863 2165 φέροντος.
2972 2163 2975 2170 Γ

725 2200 1301 2277 consociationem
1349 2199 1735 2275 nominativi
1803 2209 1872 2275 et
1937 2202 2208 2298 genitivi
2274 2201 2565 2280 defendit
2631 2202 2959 2300 Kiesslin-

659 2383 662 2388 ,
722 2306 872 2404 gius
935 2303 1292 2405 Sophoclis
1357 2304 1687 2403 exemplo.
1804 2302 2007 2378 Patet
2070 2314 2290 2379 antem
2353 2310 2435 2382 ἐκ
2514 2316 2757 2384 λευκῶ
2821 2307 2959 2382 ἐλέ-

724 2435 1016 2509 φαντος
1066 2403 1415 2504 οἰνοχόον
1466 2432 1612 2481 esse
1663 2407 2013 2505 iungenda.
2137 2405 2558 2508 Ganymedes
2611 2437 2699 2486 ex
2748 2411 2956 2502 ebore,

721 2512 925 2586 vestis
977 2511 1118 2584 eius
1168 2536 1257 2584 ex
1306 2535 1495 2606 auro,
1546 2510 1769 2609 aquila
1818 2535 1905 2584 ex
1955 2511 2161 2586 ebeno
2213 2521 2357 2587 erat
2403 2515 2611 2590 facta.

926 2612 1022 2689 V.
1081 2619 1254 2690 142.
1305 2612 1461 2688 Non
1510 2614 1699 2689 video
1753 2616 2077 2714 quomodo
2130 2615 2387 2691 defendi
2432 2618 2652 2717 possit
2696 2615 2865 2717 quod
2892 2613 2956 2692 iu

719 2719 905 2794 libris
956 2726 1059 2793 est
1070 2772 1098 2815 ,

929 2858 1047 2936 οὗ·
1073 2852 1596 2955 Πελοπηϊάδαι
1647 2887 1728 2933 τε
1779 2855 1908 2934 καὶ
1940 2859 2268 2961 ’Ἄργεος
2317 2860 2517 2959 ἄκρα
2557 2852 2952 2961 Πελασγοί.

726 2995 901 3071 Nam
950 3020 1162 3096 neque
1211 2995 1460 3070 Atreus
1532 3003 1600 3069 et
1651 2995 1980 3093 Thyestes
1995 3049 2020 3090 ‚
2089 3021 2253 3094 quos
2319 2994 2451 3070 dici
2500 2995 2811 3095 Briggsio
2858 2992 2956 3067 vi-

576 3102 727 3177 107
731 3104 950 3194 fisum,
1002 3101 1113 3174 hic
1163 3107 1315 3197 apte
1366 3099 1777 3193 afferrentur,
1823 3101 2212 3198 praesertim
2238 3108 2595 3175 memorato
2646 3102 2778 3172 iam
2824 3095 2957 3172 Pe-

718 3204 892 3301 lopis
942 3210 1181 3302 nepote
1244 3198 1774 3298 Agamemnone,
1845 3210 1913 3275 et
1962 3205 2222 3275 omnino
2286 3211 2442 3300 post
2504 3201 2832 3302 Lapithas
2893 3206 2956 3271 et

720 3304 1165 3379 Deucaliones
1212 3304 1603 3378 nominandi
1668 3312 1856 3377 erant
1905 3304 2108 3403 aliqui
2155 3305 2349 3403 longe
2416 3304 2845 3405 antiquissimi
2893 3308 2957 3374 et

720 3408 1130 3485 nobilissimi.
1236 3408 1459 3502 Quare
1509 3408 1924 3482 scribendum
1973 3408 2256 3503 videtur,

928 3547 1021 3623 οὐ
1073 3544 1617 3642 Πελοπηϊαὸἅν
1667 3574 1747 3621 τε
1798 3545 1927 3622 καὶ
1958 3547 2285 3652 ’Ἄργεος
2329 3547 2525 3646 ἄκρα
2557 3539 2949 3649 Πελασγοί.

721 3684 1154 3786 Pelopeiadas
1219 3684 1381 3761 dicit
1458 3683 2003 3783 Peloponnesio&
2119 3683 2407 3760 Accedit
2469 3683 2634 3759 fides
2696 3708 2783 3759 ex
2849 3705 2949 3771 eo,

721 3789 1297 3970 ἓιιιιίιῖᾶτὲοέιεαιέἰκίῒ
1346 3787 1523 3866 οὐδ’
1558 3790 1885 3893 ’Ἄργεος
1934 3791 2134 3893 ἄκρα
2185 3786 2611 3893 Πελασγοί,
2662 3787 2781 3864 sed
2827 3808 2993 3912 Ρο·ν

1731 4136 1936 4212 XVI.

919 4311 1074 4385 Hoc
1123 4335 1388 4386 carmen
1407 4363 1436 4407 ,
1510 4318 1587 4385 ut
1652 4337 1741 4386 ex
1803 4308 2025 4383 multis
2075 4309 2365 4408 vestigiis
2431 4309 2653 4408 colligi
2711 4309 2944 4407 potest,

559 4416 571 4427 '
721 4437 854 4490 non
905 4413 1187 4510 Dorica,
1239 4415 1359 4489 sed
1408 4415 1738 4491 communi
1789 4415 2121 4514 epicorum
2163 4414 2444 4490 dialecto
2471 4414 2783 4513 scriptum
2803 4405 2945 4480 fuit.
