3275 5317
635 525 640 534 .
722 466 855 535 320
1657 468 2026 534 ORATIO

721 630 822 722 fit,
874 639 975 723 ut,
1030 630 1183 702 dum
1233 630 1451 702 omnia
1499 631 1585 703 ad
1632 630 1799 704 illud
1845 631 2252 729 propositum
2299 632 2642 705 referimus
2710 632 2960 706 delibe-

718 743 992 832 ratoque
1044 756 1125 804 ea
1176 734 1449 806 consilio
1502 734 1939 830 aggredimur,
1991 735 2246 831 singula
2297 737 2671 809 accuratius
2738 737 2964 809 consi-

719 838 1044 928 deremus,
1072 837 1423 909 memoriae
1453 835 1702 909 firmius
1729 838 2199 935 imprimamus,
2231 839 2628 938 multumque
2658 847 2965 911 tractan-

719 940 803 1013 do
857 948 924 1011 et
973 940 1289 1011 versando
1340 942 1584 1012 rectius
1632 964 2130 1037 cognoscamus,
2182 943 2788 1040 perspiciamusque
2838 966 2967 1040 pe-

717 1044 943 1115 nitius.
1047 1041 1201 1115 Hoc
1254 1043 1449 1116 modo
1504 1051 1723 1116 autem
1776 1068 1856 1116 eo
1907 1045 2319 1141 pervenitur,
2389 1053 2500 1138 ut,
2568 1047 2694 1118 etsi
2759 1069 2965 1117 unum

717 1146 806 1218 sit
854 1146 1040 1238 illud,
1095 1146 1270 1244 quod
1315 1146 1464 1243 quis
1495 1163 1500 1167 ’
1511 1147 1867 1245 praecipue
1917 1155 2158 1221 tractet
2208 1157 2275 1221 et
2322 1148 2392 1218 in
2422 1174 2550 1245 quo
2602 1146 2676 1221 se
2728 1148 2967 1221 excel-

715 1249 853 1321 lere
906 1250 1152 1346 cupiat,
1206 1257 1425 1321 tamen
1471 1275 1605 1322 non
1658 1258 1923 1347 spernat
1974 1258 2261 1343 caetera,
2314 1276 2525 1348 neque
2570 1252 2654 1322 ab
2702 1252 2789 1342 iis
2844 1249 2967 1323 ab·-

715 1351 1001 1444 horreat,
1058 1352 1175 1424 sed
1225 1352 1443 1449 potius
1496 1353 1878 1449 dignitatem
1930 1354 2213 1424 omnium
2268 1378 2496 1452 parem
2547 1378 2694 1426 esse
2745 1354 2967 1426 fatea-
3052 1345 3059 1358 ’

658 1518 661 1521 ,
717 1461 848 1547 tur,
904 1455 1029 1526 sibi
1082 1463 1299 1527 autem
1365 1480 1453 1528 ex
1519 1456 1793 1551 singulis
1845 1479 1925 1527 ea
1979 1456 2326 1553 decerpat,
2394 1481 2559 1554 quae
2626 1458 2766 1528 suis
2834 1456 2967 1529 sint

719 1558 951 1630 studiis
1002 1559 1370 1654 profutura.
1472 1557 1623 1629 Hac
1701 1559 1805 1629 via
1856 1558 1967 1654 qui
2018 1559 2331 1647 incedunt
2346 1569 2383 1652 ,²
2428 1560 2621 1631 simul
2683 1558 2967 1632 indeco-

717 1685 858 1733 ram
908 1660 1086 1731 illam
1138 1660 1467 1733 levitatem
1519 1659 1858 1755 effugiunt,
1916 1685 2081 1758 quae
2133 1663 2352 1733 omnia
2404 1663 2613 1737 obiter
2664 1663 2964 1758 attigisse
3028 1699 3033 1706 ·

720 1772 1051 1855 contenta,
1104 1763 1263 1833 nihil
1317 1772 1533 1837 autem
1564 1764 1845 1860 penitus
1897 1765 2231 1860 cognitum
2279 1765 2524 1837 habens
2541 1818 2569 1858 ,
2637 1766 2967 1838 eruditio-

717 1868 821 1939 nis
875 1866 1216 1964 quamdam
1269 1866 1741 1963 elegantisque
1762 1867 1976 1939 cultus
2040 1868 2328 1964 speciem
2395 1868 2700 1960 affectat,
2770 1868 2967 1940 simul

716 1971 1035 2042 immunes
1088 1978 1351 2072 manent
1401 1970 1481 2039 ab
1535 1969 1798 2040 sordida
1846 1971 2282 2042 illiberalitate
2331 1970 2662 2063 illorum,
2687 1971 2802 2068 qui
2853 1971 2966 2042 ni·-

718 2074 843 2145 mis
897 2081 1171 2168 augusto
1224 2072 1293 2142 in
1343 2072 1520 2144 orbe
1568 2072 1864 2144 conclusi
1929 2071 2069 2143 eius
2122 2072 2312 2145 unius
2377 2074 2477 2145 rei
2495 2125 2521 2166 ,
2592 2098 2787 2171 quam
2836 2074 2965 2171 ipsi

719 2177 843 2250 sibi
893 2175 1300 2249 tractandam
1363 2181 1820 2272 sumpserunt,
1872 2182 2125 2248 tantum
2177 2200 2322 2248 esse
2389 2177 2670 2273 pretium
2722 2177 2966 2249 existi-

719 2288 924 2372 mant,
980 2287 1053 2352 ut
1103 2286 1367 2353 caetera
1418 2285 1877 2370 contemnant,
1931 2278 2059 2351 hoc
2110 2303 2239 2352 uno
2305 2288 2522 2352 autem
2586 2281 2655 2351 in
2721 2304 2964 2376 genere

721 2384 832 2478 qui
883 2383 1094 2453 minus
1145 2394 1441 2453 versatus
1493 2380 1603 2470 sit,
1660 2405 1808 2451 eum
1857 2380 2192 2454 indoctum
2244 2390 2438 2481 atque
2490 2383 2653 2455 adeo
2691 2384 2962 2457 stultum
3028 2429 3039 2436 α

723 2509 868 2558 esse
922 2485 1284 2575 dictitent„
1351 2481 1786 2555 Verissimum
1838 2492 1940 2555 est
1986 2484 2152 2557 illud
2199 2494 2386 2558 vetus
2439 2485 2685 2561 dictum
2699 2538 2727 2580 ,

821 2663 1051 2741 quam
1103 2633 1409 2736 quisque
1458 2635 1675 2709 norit
1724 2647 1999 2731 artem,
2051 2635 2136 2709 in
2185 2636 2337 2710 Ῐιαο
2389 2661 2467 2710 se
2519 2650 2913 2735 exerceat,

723 2794 833 2869 eui
883 2794 995 2891 qui
1044 2800 1227 2867 recte
1276 2801 1545 2891 parent,
1598 2793 1699 2866 sic
1763 2794 1833 2866 id
1897 2794 2185 2887 faciunt,
2269 2802 2348 2867 ut
2408 2796 2629 2869 locum
2692 2795 2765 2865 in
2834 2820 2960 2893 quo

720 2898 852 2997 ipsi
898 2896 1088 2969 firmo
1138 2898 1306 2994 pede
1361 2897 1723 2970 consistant
1773 2898 1899 2969 sibi
1947 2898 2266 2994 legenteS,
2283 2923 2528 3017 ‘neque
2599 2898 2965 2996 impediant

723 3002 911 3093 alios,
967 3001 1308 3097 quominus
1373 3001 1470 3071 illi
1538 3000 1694 3071 alibi
1761 3001 1934 3073 idem
1985 3002 2110 3073 sibi
2173 3001 2336 3074 iuris
2401 3008 2697 3093 sumant,
2750 3026 2964 3099 neque

720 3105 880 3176 nihil
929 3104 1135 3176 velint
1186 3129 1336 3176 cum
1383 3104 1467 3175 iis
1519 3104 1896 3176 commercii
1944 3105 2209 3197 habere,
2263 3105 2380 3178 sed
2428 3105 2672 3202 potiuS,
2728 3123 2965 3202 quem-···

724 3206 1069 3278 admodum
1123 3207 1420 3279 civitates
1474 3208 1572 3279 sic
1623 3207 1881 3278 demum
1930 3207 2208 3300 florent,
2261 3208 2320 3279 si
2372 3207 2666 3304 singulae
2721 3208 2964 3281 civium

724 3309 970 3381 classes
1022 3331 1143 3379 sua
1192 3308 1457 3404 negotia
1503 3318 1688 3382 recte
1718 3319 1783 3383 et
1817 3334 1966 3389 cum
1993 3319 2401 3398 caeterarum
2441 3310 2750 3383 classium
2776 3334 2967 3384 emo-

720 3410 1008 3483 lumento
1062 3419 1287 3506 agunt,
1338 3412 1434 3482 ita
1484 3412 1681 3483 etiam
1731 3413 2093 3485 litterarum
2162 3414 2378 3486 studia
2429 3412 2706 3511 quadam
2776 3414 2966 3511 quasi

723 3513 987 3587 civitate
1041 3515 1362 3587 contineri
1431 3523 1782 3607 censeant,
1849 3516 1921 3587 in
1971 3541 2098 3613 qua
2149 3517 2515 3589 coniunctis
2583 3516 2963 3610 multorum,

723 3617 839 3691 sed
903 3641 1023 3691 suo
1088 3617 1401 3715 cuiusque
1465 3617 1537 3688 in
1599 3642 1838 3712 genere
1907 3620 2139 3692 studiis
2219 3620 2559 3692 universus
2622 3619 2739 3690 ille
2805 3643 2968 3691 eru-

723 3720 985 3794 ditionis
1052 3721 1491 3817 scientiaeque
1546 3744 1813 3818 campus
1866 3722 2120 3795 colatur
2130 3732 2175 3814 ,⁴
2226 3729 2645 3815 conseratur,
2698 3720 2968 3817 fruges-

725 3848 849 3921 que
899 3824 1091 3895 ferat.
1196 3822 1306 3896 Ea
1355 3824 1554 3920 igitur
1607 3824 1863 3897 demum
1912 3826 2056 3897 iure
2108 3825 2240 3897 dici
2290 3824 2660 3923 respublica
2700 3824 2966 3897 littera-

723 3927 826 3998 ria
876 3933 1115 4023 potest,
1168 3928 1238 3999 in
1292 3952 1422 4024 qua
1472 3928 1608 4000 suis
1679 3928 1949 4026 quisque
2000 3928 2294 4024 partibus
2359 3935 2540 4000 recte
2594 3934 2662 3999 et
2711 3927 2967 4001 naviter

723 4030 1049 4126 fungitur,
1126 4056 1261 4103 non
1324 4038 1396 4103 ut
1461 4031 1668 4104 hostis
1734 4040 1846 4104 aut
1910 4031 2316 4103 adversarius
2369 4038 2484 4103 aut
2549 4036 2965 4128 contemptor

726 4158 976 4225 eorum,
1032 4156 1303 4229 quorum
1358 4134 1486 4205 alia
1537 4131 1757 4207 officia
1807 4142 1995 4225 sunt,
2065 4134 2182 4205 sed
2232 4144 2307 4205 ut
2356 4133 2604 4205 amicus
2620 4185 2645 4226 ,
2710 4140 2788 4205 ut
2839 4134 2971 4205 ad·-

722 4235 919 4329 iutor,
973 4243 1047 4307 ut
1096 4237 1393 4310 laudator
1445 4262 1694 4329 eorum,
1751 4261 1915 4334 quae
1942 4235 2212 4334 quisque
2260 4243 2443 4310 reete
2494 4243 2562 4309 et
2612 4236 2709 4308 uti
2773 4261 2968 4309 com-

725 4339 936 4410 munis
985 4339 1232 4411 utilitas
1283 4340 1597 4437 postulat,
1652 4340 1788 4438 agit
1838 4346 2031 4437 atque
2097 4339 2524 4412 administrat.
2642 4336 2725 4410 Id
2775 4363 2962 4435 ergo,

726 4440 958 4539 optimi
1022 4442 1387 4546 candidati,
1453 4449 1671 4517 tenete
1737 4443 1949 4518 animo
2015 4463 2226 4542 neque
2289 4465 2595 4541 umquam
2658 4441 2966 4515 excidere
