3275 5317
42 4186 45 4271 ι

42 4276 74 4445 l.

780 450 1264 514 EDITIONE
1310 451 2029 521 LYCOPHRONIS.
2418 454 2547 520 241

597 613 958 697 ’Ἄλεντος
1011 614 1150 689 οὐκ
1200 614 1471 688 α’πωθε
1524 610 1895 713 καύηκας
1905 622 2183 691 ποτῶν.

222 732 225 735 ’
300 748 611 823 Similem
658 751 1228 849 transpositionem
1278 751 1450 823 infra
1497 751 1896 825 videbimus:
1950 760 2145 851 atque
2175 752 2319 824 aliis
2371 778 2542 852 quo-

298 877 426 951 que
476 852 644 925 locis
693 853 823 952 ipsi
870 855 1041 926 inter
1108 879 1182 926 se
1249 853 1514 933 codices
1577 855 1648 927 in
1713 855 1939 929 ordine
2004 856 2347 930 verborum
2398 857 2539 930 dis-

298 963 599 1056 crepant,
649 963 739 1028 ut
773 978 849 1029 v.
891 962 1019 1030 49.
1076 957 1253 1031 574.
1315 960 1538 1031 1204.

454 1057 757 1135 Contra
803 1084 939 1134 non
1003 1084 1293 1161 essemus
1360 1060 1505 1132 ausi
1570 1085 1635 1134 v.
1691 1063 1869 1134 443.
1956 1084 2044 1133 ex
2108 1084 2241 1137 uno
2309 1062 2539 1137 codice

295 1159 661 1260 ἅλιβρώς
679 1186 802 1259 pro
856 1162 1192 1262 ἆλιβρός,
1245 1163 1421 1261 quod
1470 1163 1541 1235 111
1591 1164 1872 1236 caeteris
1919 1163 2214 1237 omnibus
2244 1169 2370 1258 est,
2422 1189 2540 1238 re-

292 1266 543 1362 cipere.
645 1262 962 1339 Fortasse
1013 1266 1185 1340 hanc
1233 1266 1509 1340 formam
1558 1263 1961 1365 Lycophron
2009 1267 2092 1341 ab
2163 1267 2354 1365 epioe
2406 1266 2537 1342 ali-

293 1392 422 1465 quo
476 1393 567 1443 ex
620 1366 888 1469 ἅλίβορ
894 1397 974 1453 ος
1024 1376 1430 1442 contractam
1480 1370 1765 1466 accepit.

499 1468 593 1544 V.
649 1470 828 1544 505.
845 1398 1057 1546 950.ss
1112 1472 1194 1545 de
1245 1470 1593 1559 Dioscuris
1647 1472 1923 1546 dicitur·

510 1693 515 1696 ,
604 1602 719 1685 ὧν
769 1605 1172 1740 ὄστρακον
1202 1605 1618 1709 στρόβιλος
1645 1609 2179 1708 ἐντετμημένος
2295 1642 2298 1645 ’

478 1758 485 1767 -
601 1708 900 1813 κόρσην
938 1709 1286 1788 σκεπᾶσει
1337 1718 1541 1811 ῥῦμα
1593 1711 1898 1812 φοινίου
1951 1711 2197 1811 δορός.

286 1847 620 1923 Veremur
682 1857 771 1924 ut
822 1851 1144 1924 futurum
1178 1876 1266 1923 ex
1308 1859 1617 1926 -σκεπᾶν
1681 1850 1985 1923 habeat
1987 1879 2038 1924 α
2102 1849 2531 1949 productum:

285 1977 558 2046 verum,
611 1961 686 2027 ut
724 1952 862 2043 *hoc
913 1955 1283 2047 mittamus,
1354 1955 1614 2026 omnino
1682 1953 1838 2050 quid
1902 1952 2010 2026 hic
2080 1954 2299 2028 futuro
2366 1979 2534 2054 opus

285 2057 399 2149 sit,
456 2081 591 2128 11ο11
641 2064 938 2155 apparet,
993 2081 1191 2155 quum
1240 2056 1401 2128 nihil
1449 2057 1578 2127 nisi
1623 2057 1902 2128 usitatus
1968 2054 2198 2129 Ledae
2249 2056 2531 2130 filiorum

283 2159 566 2233 vestitus
621 2159 1049 2233 describatur.
1155 2161 1377 2253 Quare
1405 2157 1911 2259 Lycophronem
1963 2159 2305 2251 σκεπάζει
2356 2161 2532 2234 scri-

281 2263 500 2362 psisse
552 2263 901 2335 credimus.

494 2363 590 2438 V‘.
646 2365 822 2438 525.
881 2366 1175 2464 στέρξαι
1224 2366 1295 2438 111
1344 2366 1487 2459 his,
1558 2366 1697 2441 οὐκ
1749 2365 1852 2441 ἄν
1904 2366 1987 2441 ἓν
2050 2361 2268 2465 ἦμαρ
2309 2366 2532 2467 ἀρκέ-

287 2494 435 2546 σειε
491 2468 788 2567 στέρξαι
837 2471 1162 2568 βαρεῖαν
1213 2469 1541 2568 ἐμβολὴν
1596 2468 2074 2567 ραιστηρίαν,
2129 2495 2261 2542 non
2310 2478 2532 2568 potest

268 2572 572 2646 defendi.
680 2571 874 2663 Quod
922 2572 1353 2646 Bachmanno'
1416 2573 1705 2664 videtur,
1772 2573 1900 2644 hoc
1964 2573 2230 2646 verbum
2292 2573 2531 2671 ubique

284 2675 582 2749 adhiberi
628 2699 850 2773 posse,
902 2675 1039 2754 ubi,
1063 2674 1251 2747 firma
1304 2675 1616 2772 quaedam
1660 2675 1858 2745 animi
1887 2676 2185 2747 voluntas
2237 2700 2318 2748 ac
2368 2685 2530 2773 per'-

285 2779 654 2852 severentia
707 2778 1146 2875 exprimatur,
1202 2802 1282 2849 ea
1330 2802 1462 2849 non
1523 2778 1732 2874 ipsius
1798 2777 1979 2848 verbi
2044 2786 2335 2875 potestas
2400 2787 2525 2872 est,

285 2882 462 2981 quod
513 2880 676 2951 nihil
738 2881 871 2952 nisi
929 2890 1371 2952 contentum
1437 2901 1592 2949 esse
1607 2932 1631 2971 ,
1715 2879 2195 2978 acquiescere
2264 2879 2527 2980 aliqua

283 3010 370 3059 re
394 2982 751 3081 significat,
795 2984 913 3074 sed
941 2985 1363 3082 consequitur
1391 3008 1474 3056 ex
1516 2983 1598 3054 iis
1625 2983 1847 3074 rebuS,
1894 2983 1973 3056 de
2007 2983 2236 3080 quibus
2270 3009 2525 3082 quoque
2599 3055 2609 3066 ,

281 3091 433 3163 loco
487 3112 706 3160 sermo
760 3095 882 3160 est.
987 3086 1122 3160 Hic
1174 3087 1428 3184 quidem
1480 3111 1613 3158 non
1668 3085 2087 3158 dubitandum
2131 3087 2285 3184 quin
2339 3086 2526 3161 Can·—

283 3200 465 3266 terus
538 3190 902 3263 rectissime
967 3189 1328 3263 restituerit
1392 3189 1778 3262 commutari
1845 3214 1994 3262 cum
2074 3190 2188 3262 illo
2263 3191 2526 3263 solitum

287 3296 575 3387 στέξαι,
630 3294 817 3365 cuius
870 3283 1101 3392 aperta
1150 3293 1503 3392 explicatio
1557 3300 1660 3365 est
1702 3291 2127 3390 ὑπομεῖναι,
2183 3295 2356 3392 quod
2397 3294 2524 3366 ha-

281 3400 389 3474 het
436 3395 884 3497 paraphrasis.

490 3498 586 3573 V.
643 3499 818 3575 538..
873 3470 1254 3598 ὅρθάνην
1276 3522 1399 3596 pro
1428 3493 1808 3619 ,ὀρθάγην
1874 3498 2288 3572 scribendum
2356 3523 2521 3572 con-

214 3644 221 3649 <
284 3607 608 3696 iecerunt,
658 3610 867 3695 recte,
934 3610 1009 3674 ut
1057 3602 1337 3695 videtur,
1391 3601 1450 3675 si
1501 3602 1758 3699 quidem
1815 3603 1946 3700 Ὀρ
1955 3600 2198 3693 θοίνης
2261 3603 2522 3677 brevem

284 3710 480 3782 habet
532 3705 809 3778 mediam
826 3757 852 3797 ‚
909 3705 1082 3802 quod
1134 3707 1258 3807 etsi
1323 3729 1457 3778 non
1521 3713 1795 3803 apparet
1860 3713 1945 3778 ex
2008 3706 2157 3779 loco
2222 3685 2518 3781 Platonis

287 3811 457 3910 apud
507 3806 921 3881 Athenaeum
970 3808 1068 3882 X.
1121 3834 1190 3907 p.
1245 3811 1421 3880 441.
1489 3805 1575 3879 F.
1645 3816 1866 3879 tamen
1929 3809 2067 3881 veri
2132 3809 2345 3881 simile
2393 3800 2515 3881 est.

288 3911 426 3987 Sed
479 3911 654 4010 quod
703 3890 1165 3985 Bachmaunus
1218 3910 1411 3982 dicit·
1502 3931 1648 4007 quo
1702 3909 1989 3982 ceruus
2062 3920 2214 4004 est,
2268 3909 2516 4005 Lyco-

274 4016 657 4115 phronem
681 4012 1017 4102 finaeoisse
1061 4013 1372 4112 pariter
1396 4022 1621 4111 atque
1651 4012 1730 4083 d
1701 4012 2069 4112 ffinansse
2120 4012 2513 4108 vocabula,

288 4130 379 4192 ut
419 4117 825 4192 verborum
875 4140 1174 4190 sensum
1225 4116 1696 4211 obscuraret,
1751 4140 1837 4189 eo
1891 4116 2236 4207 cautiori
2293 4115 2513 4187 debe-

289 4247 449 4295 mus
513 4220 643 4294 uti
698 4219 1025 4316 iudicio,
1089 4222 1173 4301 id
1226 4247 1303 4296 eo
1368 4221 1581 4301 minus
1646 4221 1717 4293 in
1778 4222 1952 4294 hunc
2018 4221 2237 4294 locum
2309 4216 2511 4313 cadit,

293 4328 459 4424 quod
507 4326 751 4399 iniusta
802 4350 947 4399 esse
996 4325 1162 4398 haec
1214 4324 1579 4398 criminatio
1612 4324 1884 4398 videtur.
1940 4322 2325 4421 Composuit
2361 4322 2512 4421 Ly-

296 4431 579 4528 cophron
630 4427 969 4520 vocabula,
1021 4435 1098 4505 ut
1147 4428 1354 4527 quivis
1403 4428 1569 4509 alius
1619 4435 1851 4524 poeta.
1906 4436 1976 4517 at
2024 4451 2229 4502 novas
2278 4427 2512 4525 plane·-

385 4531 655 4607 llum.
709 4528 852 4606 Or.
903 4527 997 4603 V.
2002 4530 2103 4641 Q
