3275 5317
1063 471 1791 541 TnEocmTEAE.
2063 439 2067 446 ’
2449 474 2538 544 87

302 631 750 732 suspicionem
811 632 1095 733 aliquam
1151 635 1674 735 interpolationis
1741 635 2191 732 excitandam,
2255 636 2374 711 sed
2422 646 2534 712 ta-

298 759 455 813 men
518 745 598 810 ut
659 736 871 811 solum
933 762 1056 835 per
1119 763 1194 812 se
1206 790 1234 831 ,
1300 740 1604 836 quoniam
1670 739 1977 814 excusari
2045 748 2226 813 certe
2289 750 2531 838 potest,

297 863 435 915 non
484 839 761 913 multum
823 840 1059 914 valeat.
1175 838 1381 915 Aliud
1441 868 1598 916 vero
1661 843 1921 941 gravius
1986 850 2125 916 est:
2193 844 2367 940 quod
2427 853 2531 917 est

297 943 394 1017 ita
444 950 892 1042 comparatum
905 995 931 1036 ,
982 953 1060 1018 ut
1106 969 1248 1018 rem
1298 944 1625 1020 conficiat.
1741 944 1914 1018 Nam
1977 946 2304 1044 posterius
2367 946 2530 1019 illud

294 1069 570 1123 carmen
615 1069 965 1145 puerorum
1028 1056 1133 1121 est
1190 1048 1385 1122 unice
1465 1048 1771 1145 gregibus
1832 1049 1968 1121 suis
2037 1048 2528 1141 delectaturam,

297 1149 381 1223 ab
432 1172 659 1223 amore
719 1157 940 1223 autem
1002 1150 1101 1223 ita
1164 1151 1377 1225 adhuc
1427 1152 1825 1245 alienorum,
1888 1159 1966 1224 ut
2011 1150 2354 1249 Daphnis,
2419 1152 2535 1224 ubi

296 1251 577 1325 formam
625 1275 811 1326 suam
859 1277 903 1325 a
948 1253 1170 1352 puella
1214 1254 1468 1327 laudari
1517 1254 1787 1348 audivit,
1836 1252 2159 1327 ludificari
2207 1279 2280 1327 se
2319 1262 2531 1349 ratus,
2616 1324 2623 1331 .

298 1354 482 1428 humi
547 1353 822 1429 deiectis
888 1356 1097 1430 oculis
1159 1357 1570 1454 pudibundus
1635 1358 2070 1456 praeterierit.
2201 1357 2533 1450 Quantum

298 1458 380 1531 ab
429 1457 564 1531 hoc
615 1458 814 1531 distat
863 1483 1127 1532 carmen
1173 1460 1336 1532 illud
1386 1461 1772 1557 elegiacum,
1822 1461 1893 1533 iu
1944 1484 2071 1557 quo
2117 1460 2285 1533 alter
2307 1467 2534 1558 aperte

297 1584 370 1635 se
417 1585 701 1658 puerum
750 1561 1090 1654 Milonem,
1144 1562 1311 1636 alter
1357 1564 1642 1663 puellam
1692 1587 1910 1637 amare
1946 1563 2255 1636 fatentur.
2356 1561 2536 1637 Hinc

298 1663 778 1738 evidentissime
824 1664 1233 1762 intelligitur,
1284 1667 1547 1740 eosdem
1595 1666 1856 1766 quidem
1903 1666 2053 1739 illos
2094 1689 2333 1765 pueros
2360 1688 2536 1758 esse,

296 1766 677 1840 Menalcam
723 1775 794 1840 et
853 1766 1208 1866 Daphnin,
1258 1768 1378 1842 sed
1437 1794 1553 1844 eos
1616 1770 1868 1866 aliquot
1928 1769 2116 1841 annis
2180 1766 2536 1841 adultiores

299 1893 494 1969 quam
541 1871 616 1942 in
664 1871 952 1944 carmine
1000 1870 1407 1944 hexametro.
1523 1869 1744 1945 Simul
1808 1879 2025 1944 autem
2089 1878 2313 1968 patet,
2379 1869 2537 1966 quid

300 1972 379 2047 de
430 1973 904 2071 compositione
952 1974 1260 2047 carminis
1310 1974 1399 2047 sit
1462 1973 1904 2047 statuendum.
2019 1972 2283 2045 Primus
2332 1971 2536 2068 idyllii

299 2075 588 2173 scriptor
639 2073 833 2169 (nihil
881 2083 985 2147 est
1033 2083 1251 2147 autem
1304 2076 1479 2171 quod
1547 2101 1699 2146 eum
1746 2100 1879 2147 non
1943 2075 2146 2147 fuisse
2198 2073 2536 2148 Theocri-

299 2186 440 2251 tum
502 2177 771 2275 prodat)
836 2176 996 2249 solis
1052 2176 1448 2249 hexametris
1511 2200 1672 2250 usus
1736 2199 1978 2275 pueros
2048 2201 2180 2250 uno
2247 2177 2535 2249 carmine

300 2281 715 2354 decertantes
776 2278 966 2354 fecit..
1076 2276 1248 2351 Eius
1332 2278 1622 2375 idyllium
1701 2279 1930 2351 hahuit
1991 2303 2220 2353 versus
2296 2278 2496 2352 hosce
2510 2305 2532 2350 t

307 2386 585 2456 1—30.
655 2385 782 2455 63.
843 2403 1051 2479 usque
1115 2381 1202 2454 ad
1263 2378 1486 2455 finem.
1600 2378 1685 2454 Id
1747 2379 2039 2478 idyllium
2104 2381 2271 2454 alius
2337 2388 2539 2478 poeta

299 2486 396 2560 sic
445 2481 890 2583 interpolavit,
939 2492 1039 2577 ut,
1093 2508 1290 2581 quum
1338 2508 1577 2582 pueros
1626 2485 1760 2557 iam
1807 2484 2029 2583 paullo
2090 2485 2536 2583 provectiores

297 2596 515 2662 aetate
565 2588 841 2679 faceret,
891 2611 1013 2685 pro
1064 2587 1355 2660 versibus
1422 2590 1674 2661 63—7
1679 2592 1753 2660 9.
1820 2587 2094 2686 poneret
2153 2611 2380 2660 versus
2435 2591 2479 2660 3
2492 2591 2529 2658 l

300 2695 533 2765 —60.
584 2689 691 2763 vel
738 2689 983 2788 potius,
1035 2690 1096 2762 si
1157 2714 1383 2763 versus
1451 2691 1783 2764 57—60.
1849 2698 1926 2763 ut
1989 2713 2192 2788 supra
2241 2689 2537 2763 conieci·-

301 2819 474 2888 mus,
525 2792 723 2865 alieni
771 2801 962 2887 sunt,
1013 2817 1241 2866 versus
1295 2793 1626 2867 31—57.
1678 2792 1953 2865 servatis
2002 2817 2069 2865 v.
2124 2795 2251 2866 80.
2303 2800 2372 2865 et
2420 2816 2536 2864 se-

302 2897 675 2995 quentihus.
804 2892 889 2968 Id
954 2895 1067 2992 qui
1129 2895 1331 2987 fecit,
1396 2921 1462 2969 v.
1516 2899 1591 2968 3.
1662 2896 1897 2994 ἄμφω
1948 2891 2202 2994 ἐνάβω
2216 2948 2243 2982 ,
2322 2902 2400 2966 ut
2449 2917 2536 2967 ex

303 3001 571 3080 scholiis
639 2998 881 3073 coniici
941 2997 1140 3091 licet,
1219 3022 1340 3095 pro
1406 2999 1642 3097 ἄμφω
1706 2994 1977 3097 ἂνάβω
2041 2996 2298 3070 videtur
2362 2996 2539 3070 scri-

300 3104 541 3204 psisse.
654 3100 1001 3196 Postremo
1066 3101 1529 3197 grammaticus
1610 3100 1844 3198 aliquis
1859 3151 1887 3192 ,
1969 3122 2166 3196 quum
2229 3100 2346 3171 illa
2409 3099 2537 3172 duo

302 3206 621 3297 carmina,
675 3205 977 3278 cantione
1024 3228 1373 3304 puerorum
1420 3204 1595 3276 inter
1619 3228 1694 3277 se
1746 3201 2149 3296 differentia,
2200 3202 2321 3276 sed
2366 3200 2539 3274 idem
2652 3239 2666 3254 ν

303 3309 645 3384 exordium
691 3305 1014 3405 finemque
1063 3306 1368 3379 habentia
1430 3306 1727 3380 eumdem
1786 3306 2179 3397 invenisset,
2257 3305 2537 3379 coniun-

303 3413 402 3486 xit
450 3436 534 3485 ea
579 3412 654 3483 in
699 3435 927 3504 unum,
974 3411 1237 3484 insertis
1287 3410 1368 3482 de
1418 3435 1539 3483 suo
1589 3410 1883 3483 versibus
1934 3412 2060 3481 61.
2106 3411 2232 3481 62.
2285 3390 2680 3500 Quodlooa

303 3516 365 3592 si
412 3516 563 3614 quis
611 3515 891 3587 fortasse
941 3514 1157 3612 ipsum
1207 3512 1643 3587 Theocritum
1690 3512 1787 3585 ita
1825 3511 2193 3585 condidisse
2216 3509 2345 3584 hoc
2369 3509 2543 3606 idyl-

306 3618 467 3690 lium
517 3624 802 3710 statuat,
858 3624 932 3691 ut
978 3616 1202 3714 pueris
1268 3616 1447 3689 aliud
1510 3624 1707 3713 atque
1771 3614 1954 3687 aliud
2012 3638 2277 3687 carmen
2339 3613 2543 3686 tribui

307 3728 558 3820 posset,
625 3743 708 3793 ac
786 3720 1058 3819 proinde
1124 3719 1340 3817 ipsum
1404 3726 1472 3792 et
1532 3718 1985 3791 hexametrum
2047 3717 2210 3790 illud
2276 3740 2540 3789 carmen

310 3824 729 3897 amoehaeum
762 3831 831 3897 et
872 3822 1233 3920 elegiacum
1283 3820 1653 3919 scripsisse,
1706 3828 1806 3913 ut,
1857 3820 2079 3919 prouti
2127 3820 2272 3917 quis
2320 3818 2542 3912 vellet,

312 3926 591 4000 alterum
635 3950 861 4000 eorum
910 3926 1267 3999 carminum
1329 3924 1766 3998 adscisceret:
1836 3924 2052 3997 minus
2117 3923 2234 3994 illa
2283 3921 2540 4020 quidem

314 4029 453 4104 veri
496 4029 768 4124 similis,
819 4028 938 4103 sed
984 4035 1204 4102 tamen
1251 4052 1385 4101 non
1429 4028 1626 4127 plane
1674 4027 1900 4127 inepta
1946 4027 2036 4101 sit
2083 4026 2487 4100 coniectura.

620 4253 623 4255 ,
1380 4198 1482 4275 X·

519 4334 614 4410 V.
666 4336 742 4411 5.
791 4334 909 4411 Ex
955 4336 1144 4412 bonis
1190 4336 1376 4412 libris
1426 4338 1709 4413 editum:

435 4435 639 4526 ποῖός
683 4468 799 4528 τις
845 4438 1104 4519 &sisar
1149 4441 1247 4518 τὺ
1296 4439 1426 4518 καὶ
1474 4445 1557 4518 ἐκ
1602 4440 1809 4541 μέσω
1859 4439 2149 4539 ἄματος
2199 4439 2378 4535 ἐσσῇ
2398 4457 2416 4474 ·
2542 4472 2547 4478 ·
