3275 5317
673 474 805 543 356
1428 474 1817 538 GRAECE
1858 474 2173 540 VERSA

675 648 931 741 partem
981 660 1192 736 nuper
1241 661 1404 713 casu
1452 637 1864 736 recuperavi.
1968 635 2144 711 Nam
2195 662 2393 735 quum
2422 660 2527 731 ea,
2580 659 2749 737 quae
2772 635 2916 712 Er-

673 743 954 818 furdtius
999 741 1092 815 ad
1141 738 1545 863 Sophoclem
1596 742 1916 830 edendum
1965 749 2335 862 paraverat,
2385 749 2539 840 post
2563 742 2704 815 eius
2732 767 2921 817 mor-

676 856 812 921 tem
862 846 948 919 ad
996 869 1102 918 me
1167 845 1371 917 missa
1438 852 1661 919 essent
1675 897 1701 938 ‚
1769 844 1988 918 iuveni
2035 844 2107 916 in
2168 845 2271 916 his
2338 845 2646 966 epistolas
2661 897 2687 938 ‚
2752 870 2919 943 quas

669 948 1204 1047 Regiomontium
1284 947 1370 1019 ad
1447 971 1599 1022 eum
1695 946 2002 1020 dederam
2015 999 2043 1041 ,
2135 971 2410 1045 quarum
2495 948 2568 1021 in
2631 972 2763 1020 una
2824 949 2922 1021 ita

671 1054 994 1151 scriptum
1044 1060 1184 1124 est.
1236 1047 1420 1145 „Vis
1470 1052 1591 1124 tibi
1645 1073 1688 1123 a
1735 1048 2042 1124 Seidlero
2093 1051 2265 1123 mitti
2294 1051 2660 1125 versionem
2691 1048 2922 1126 Grae-

676 1180 824 1231 cam
872 1156 1147 1229 duorum
1195 1154 1491 1228 locorum
1538 1153 2053 1227 Walleusteiuii.
2175 1153 2311 1227 Hic
2377 1155 2436 1227 si
2502 1179 2647 1227 eam
2696 1154 2919 1249 habet,

671 1259 839 1333 bene
891 1266 1018 1332 est.
1118 1257 1292 1331 Mihi
1341 1283 1469 1355 quo
1519 1258 1640 1330 llos
1704 1256 1887 1331 lusus
1951 1263 2182 1330 ventus
2251 1257 2590 1352 detulerit,
2663 1258 2919 1353 nescio,

671 1387 889 1463 neque
940 1361 1265 1460 quomodo
1316 1360 1784 1460 interpretatus
1849 1360 2083 1434 fuerim
2147 1361 2480 1436 recordor.
2601 1358 2745 1435 Sed
2795 1382 2944 1460 pro·

669 1466 777 1539 his
826 1467 990 1540 duos
1040 1464 1207 1537 alios
1256 1464 1407 1537 misi
1455 1466 1642 1538 locos
1658 1515 1686 1558 ‚
1753 1463 1984 1537 eodem
2031 1471 2327 1562 tempore
2391 1489 2434 1538 a
2494 1489 2604 1538 me
2663 1489 2920 1560 versos,

673 1595 838 1668 quos
890 1567 1196 1667 quoniam
1246 1592 1379 1641 non
1428 1567 1501 1640 in
1550 1566 1867 1664 singulari
1927 1567 2086 1641 folio
2101 1619 2127 1660 ‚
2197 1568 2316 1641 sed
2376 1568 2449 1640 in
2510 1567 2681 1642 libro
2747 1593 2923 1667 quo-

672 1674 828 1748 dam
893 1670 1171 1769 scripsi,
1238 1669 1530 1744 invenire
1597 1671 1868 1768 potui-‘⁶
1995 1668 2143 1744 Sed
2202 1668 2585 1744 Erfurdtius
2649 1672 2724 1744 in
2785 1671 2923 1747 isto

674 1775 1098 1875 epistolarum
1146 1773 1474 1849 volumine
1522 1773 1712 1847 locos
1762 1773 1941 1867 illos,
1993 1797 2160 1872 quos
2208 1774 2317 1849 vel
2365 1797 2410 1846 a
2456 1772 2765 1849 Seidlero
2815 1774 2926 1848 vel

672 1880 758 1952 ab
809 1879 942 1951 alio
992 1877 1328 1976 acceperit
1349 1901 1624 1951 necesse
1657 1883 1784 1970 est,
1834 1877 1981 1976 ipse
2012 1900 2132 1949 sua
2173 1901 2397 1971 manu,
2447 1902 2595 1951 meo
2656 1878 2923 1952 nomine

672 1981 975 2082 apposito
988 2032 1017 2076 ,
1066 1981 1457 2080 adscripsit,
1509 2004 1840 2077 unumque
1882 1981 2103 2054 locum
2149 1980 2390 2054 adiecit
2430 2004 2472 2052 a
2515 2005 2590 2054 se
2633 2007 2923 2076 versum,

672 2109 821 2160 eum
873 2084 1091 2183 ipsum
1140 2108 1335 2182 quem
1383 2083 1664 2183 apposui
1680 2083 1777 2178 ἢ.
1897 2082 2045 2157 Hos
2094 2084 2317 2176 lusus,
2387 2082 2782 2179 Thierschi,
2847 2093 2926 2160 ut

670 2188 961 2281 voluisti,
1012 2186 1163 2260 misi
1209 2187 1358 2280 tibi,
1407 2186 1518 2260 hic
1566 2186 1708 2261 illic
1720 2236 1747 2279 ,
1799 2184 1955 2260 dum
2000 2186 2490 2280 describebam,
2552 2195 2923 2262 correctos.

669 2290 949 2366 Videbis
995 2298 1245 2383 autem,
1296 2289 1643 2389 quaedam,
1695 2313 1864 2387 quae
1914 2313 2048 2364 non
2094 2290 2261 2363 satis
2310 2291 2809 2368 accommodata
2839 2291 2926 2365 ad

670 2395 1057 2493 gravitatem
1104 2392 1485 2490 tragoediae
1552 2392 1916 2491 scripserat
1977 2390 2346 2467 Schillerus
2361 2444 2389 2486 ,
2456 2402 2710 2468 mutata
2775 2417 2926 2472 esso

670 2498 760 2571 ad
808 2498 1183 2596 exemplum
1231 2493 1687 2588 Graecorum,
1739 2494 1943 2568 veluti
1990 2496 2396 2571 centurionis
2438 2498 2529 2574 ad
2596 2495 2924 2574 Theclam

671 2599 1033 2678 introducti
1079 2599 1461 2675 indecoram
1510 2597 2034 2697 trepidationem.

1082 2957 1454 3039 Piccolom.
1505 2970 1646 3037 act.
1692 2957 2411 3037 m.soen.1x.fin.

875 3100 1023 3176 Διά
1071 3098 1219 3199 μεν
1265 3095 1689 3200 μελάθρων
1739 3097 2066 3205 στυγνὸς
2120 3096 2471 3200 ἀλάστωρ

879 3212 1139 3306 φοιτᾷ,
1186 3204 1433 3303 μέλλει
1482 3201 1566 3279 δ’
1619 3203 1820 3305 ἡμᾶς
1872 3202 2121 3307 ἄρδην

882 3308 1119 3403 Μοῖρ’
1176 3303 1541 3405 αἰφνιδίῳ

989 3409 1290 3509 πέρσειν
1343 3408 1645 3541 ὀλέθρῳ
1693 3408 1826 3486 διὰ
1880 3407 2200 3497 παντός

879 3513 927 3609 ἥ
976 3544 1038 3613 μ
1109 3514 1192 3589 ἐκ
1239 3509 1626 3646 θαλάμων
1676 3521 1942 3612 πρῶτα
1990 3522 2344 3620 γαληνῶν
2424 3590 2435 3604 ,

883 3615 1248 3721 ἄγαγοῦὸ
1250 3668 1273 3707 ,
1324 3616 1450 3693 εἶτ’
1503 3611 1606 3694 αὗ
1656 3619 1913 3751 θέλγει
1960 3624 2356 3723 γλυκεραῖς

882 3719 1378 3814 ἐπαοιδαῖσιν,
1429 3728 1605 3821 νικᾷ
1656 3720 1749 3797 ὃ
1709 3754 1742 3797 ε
1791 3722 1867 3821 μ’
1904 3724 2163 3824 Ἔρως,

849 4025 909 4111 *)
948 4028 1109 4091 Finis
1148 4038 1241 4093 est
1280 4029 1694 4094 Wallensteinii
1730 4036 1933 4094 mortis
1976 4041 2087 4095 act.
2129 4033 2231 4098 lv,
2273 4050 2483 4093 scenae
2522 4051 2624 4092 xn.

991 4127 1154 4197 Τότε
1195 4134 1350 4199 Μυῒ
1317 4131 1395 4218 ι’ρ
1440 4130 1682 4241 ἥκουσζ
1725 4130 1867 4218 ὥμῆ
1906 4158 1975 4198 τε
2019 4133 2254 4220 φρένας

984 4226 1263 4329 ψυχραῖν
1273 4217 1521 4333 φιλίαν
1557 4214 1880 4305 μάρψασα
1912 4225 2125 4305 χεροῖν

987 4302 1303 4411 μορφὴνι
1273 4304 1490 4369 ἳππων
1520 4308 1727 4387 χηλαῖ
1719 4328 1783 4369 σι
1822 4313 2042 4370 πατεῖν

988 4388 1187 4474 eluta
1229 4388 1578 4496 σφετέρων·
1622 4388 1860 4455 τοιόνδε
1904 4395 2112 4457 καλῶν

1178 4472 1367 4556 λάχος
1406 4475 1475 4540 ἐν
1512 4479 1807 4558 θνητοῖσι
1848 4476 2190 4563 κέκρανται
