3275 5317
744 429 875 546 ma
1056 549 1062 556 ,
1333 477 1453 540 DE
1497 474 1789 542 vnvm
1828 478 2377 552 nrlsToLAE

739 642 854 743 qui
902 664 978 714 se
1025 644 1205 714 metu
1252 636 1646 715 Iudaeorum
1693 637 2134 738 indulgentem
2163 641 2478 742 pristinae
2527 642 2985 744 superstitioni

784 744 1172 820 raebuisset.
2008 769 2033 794 ·

739 771 785 847 Ρ
887 889 891 892 Δ
941 845 1315 921 Subsistam
1362 846 1653 946 paullum
1700 846 1774 919 iu
1820 846 1949 919 hoc
1998 847 2176 941 loco,
2216 848 2537 946 quoniam
2593 858 2760 923 sunt
2806 851 2877 922 in
2905 875 2982 925 eo

733 975 904 1051 qnae
964 976 1098 1024 non
1159 958 1344 1024 recte
1420 950 1758 1023 intellecta
1818 950 2183 1023 videantur.
2316 949 2492 1025 Nam
2563 953 2750 1050 quod
2828 953 2985 1027 dicit

731 1054 836 1129 Π.
886 1058 959 1128 2.
1015 1053 1299 1153 ἀνέβην
1347 1050 1432 1128 δὲ
1461 1052 1654 1129 κατὰ
1707 1048 2193 1154 ἀποκάλυψιν
2230 1052 2360 1130 καὶ
2391 1056 2796 1153 ἀνεθέμην
2847 1058 2986 1132 αὗ-

731 1164 889 1243 τοῒς
949 1154 1039 1234 τὸ
1104 1157 1538 1260 εὐαγγέλιον
1602 1156 1647 1231 ὃ
1716 1153 2068 1257 κηρύσσω
2134 1160 2219 1235 ἐν
2276 1163 2434 1242 τοῖς
2498 1160 2866 1249 ἔθνεσιν,
2914 1160 2983 1231 in

729 1262 833 1335 his
880 1261 1021 1355 illa,
1070 1265 1268 1337 κατὰ
1319 1257 1826 1357 ἀποκάλυψιν,
1877 1283 2010 1334 nou
2058 1259 2429 1358 significant
2461 1273 2815 1361 propter
2864 1261 2982 1335 di-
3060 1329 3068 1341 ,

729 1363 989 1439 m‘wum
1040 1362 1421 1463 quoddam
1470 1362 1885 1457 ηιοιιιὶὲιικηι,1
1919 1370 1995 1437 ut
2041 1362 2340 1438 Luthero
2407 1366 2694 1465 aliisque
2744 1368 2979 1439 visum.

728 1466 905 1542 Nam
951 1492 1079 1541 nec
1128 1491 1354 1542 verum
1402 1466 1472 1539 id
1523 1475 1652 1562 est,
1701 1475 1792 1545 ut.
1827 1492 1914 1541 ex
1957 1463 2154 1541 Actis
2181 1465 2663 1566 Apostolorum
2717 1493 2784 1543 c.
2811 1467 2976 1542 XV.

728 1574 807 1645 2.
856 1577 1138 1664 constat,
1188 1571 1559 1668 frustraque
1608 1595 1777 1670 quae
1824 1571 1959 1645 ista
2005 1570 2311 1644 divinatio
2361 1571 2563 1647 fuerit
2605 1573 2979 1671 quaesitum

727 1680 856 1768 est,
909 1698 1035 1747 nec
1083 1674 1282 1748 verba
1328 1674 1509 1745 illam
1555 1675 1870 1774 praebent
1918 1674 2302 1747 sententiam
2317 1727 2344 1767 ,
2410 1675 2531 1748 sed
2599 1674 2979 1772 significant

725 1775 1262 1878 explican’om's
1293 1799 1605 1870 caussa,
1657 1778 1708 1851 i.
1739 1802 1801 1851 e.
1854 1785 1930 1852 ut
1978 1776 2316 1875 patefieret
2362 1778 2536 1851 inter
2587 1780 2779 1877 ipsos
2812 1800 2976 1875 quae

725 1905 882 1955 vera
919 1888 1097 1955 esset
1137 1879 1296 1954 Iesu
1344 1879 1665 1957 doctrina.
1763 1879 1964 1967 lllud,
2010 1881 2184 1977 quod
2221 1878 2559 1954 Lutberus
2613 1880 2971 1980 expressit,

727 1982 993 2060 Graece
1044 2009 1301 2082 quoque
1353 1982 1699 2057 dicendum
1765 1990 1909 2057 erat
1957 1978 2150 2057 κατά
2213 2011 2389 2059 τινα
2454 1983 2970 2084 ἀποκάλυψιν.

723 2084 899 2160 Nam
949 2089 1078 2161 etsi
1124 2089 1325 2160 etiam
1372 2084 1564 2161 κατὰ
1620 2079 2105 2185 ἀποκάλυψιν
2150 2084 2524 2183 significare
2578 2095 2811 2186 potest
2854 2108 2973 2157 se-

722 2188 1058 2264 cumdum
1106 2186 1704 2282 adrnom‘nbnem
1755 2186 2116 2282 ᾱιῗούιαηι,
2168 2196 2388 2263 tamen
2435 2189 2505 2262 id
2546 2192 2827 2288 linguae
2871 2189 2974 2262 le·-

477 2311 482 2318 '
615 2375 624 2382 ,
722 2319 841 2391 ges
891 2319 1025 2367 non
1073 2294 1265 2366 aliter
1312 2292 1553 2384 ferunt,
1607 2307 1827 2390 quam‘
1851 2292 1965 2363 ubi
2017 2291 2320 2365 distincte
2371 2265 2595 2366 divina
2668 2290 2970 2367 admoni-

724 2398 818 2471 tio
870 2397 953 2470 ab
1007 2397 1136 2468 alia
1187 2418 1423 2470 caussa
1471 2394 1901 2468 discernenda
1949 2402 2053 2467 est
2103 2394 2290 2491 eique
2341 2395 2765 2493 opponenda.

928 2496 1253 2572 Similiter
1301 2505 1588 2571 erratum
1637 2497 1825 2571 video
1874 2497 1946 2568 in
1993 2496 2096 2570 bis
2145 2498 2360 2570 verbis
2411 2523 2476 2571 v.
2529 2523 2594 2574 s.
2669 2498 2784 2584 οἷς
2836 2489 2964 2574 οὕ·-

720 2598 807 2679 ὃὲ
858 2601 1047 2700 πρὸς
1098 2600 1310 2695 ὥραν
1358 2602 1658 2699 εἴξαμεν
1718 2608 1810 2695 τῇ
1862 2598 2233 2702 ὑποταγῇ.
2331 2598 2507 2674 Nam
2557 2603 2739 2700 quod
2787 2604 2965 2676 visus

722 2713 827 2780 est
875 2705 1094 2780 dicere
1141 2703 1419 2797 Paulus,
1471 2728 1546 2776 se
1594 2728 1680 2776 ne
1727 2703 1929 2777 horae
1981 2703 2240 2801 quidem
2309 2705 2595 2801 spatium
2646 2707 2782 2779 illis
2831 2728 2963 2777 non

718 2809 1019 2908 genuinis
1066 2808 1376 2881 fratribus
1426 2807 1806 2905 obsequium
1852 2807 2284 2904 praestitisse,
2335 2807 2407 2879 id
2449 2816 2518 2880 et
2548 2808 2794 2881 falsum
2822 2815 2959 2882 este

719 2938 855 2986 non
903 2913 1077 2985 enim
1125 2934 1478 3009 numquam
1508 2911 1919 3009 opinionibus
1946 2908 2338 2983 Iudaeorum
2364 2911 2649 2985 cessisse
2677 2911 2958 2985 Paulum

721 3040 811 3091 ex
857 3012 1052 3090 Actis
1100 3013 1305 3087 XVI.
1360 3018 1436 3089 3.
1488 3014 1821 3111 cognitum
1868 3013 2177 3086 habemus
2196 3038 2221 3086 τ
2269 3036 2394 3085 nec
2442 3014 2645 3086 verba
2687 3016 2957 3113 patiun-

718 3128 830 3193 tur
875 3126 1151 3216 propter
1200 3117 1646 3190 accessionem
1708 3116 2008 3209 articuli,
2076 3140 2206 3213 quo
2271 3124 2520 3189 certum
2573 3118 2954 3216 obsequium

717 3222 1120 3317 designatur.
1243 3218 1601 3292 Praeterea
1663 3219 1912 3291 inutilis
1976 3226 2152 3291 esset
2219 3226 2359 3293 tota
2424 3219 2953 3293 commemoratio

721 3324 1053 3422 obsequii,
1121 3322 1275 3420 quia
1340 3321 1500 3395 satis
1568 3329 1712 3395 erat
1777 3323 1915 3397 οὐκ
1981 3325 2277 3419 εἴξαμεν
2351 3322 2622 3395 dixisse.
2743 3321 2952 3395 Immo

718 3451 913 3525 quam
960 3425 1101 3521 τὴν
1149 3423 1539 3527 ὑποταγὴν
1586 3422 1770 3497 finite
1819 3432 2014 3499 vocat
2060 3423 2337 3520 Paulus,
2415 3426 2802 3524 obsequium
2853 3430 2951 3496 est

718 3529 982 3605 Christo
1034 3528 1342 3621 debitum,
1395 3527 1695 3626 quodque
1730 3528 1929 3621 dicit,
1979 3528 2107 3601 hoc
2158 3536 2293 3601 est:
2343 3529 2613 3626 petiisse
2663 3553 2740 3603 se
2781 3527 2949 3599 Hie·

716 3633 1044 3729 rosolyma
1116 3640 1388 3730 propter
1448 3631 1686 3705 fratres
1755 3656 1888 3705 non
1934 3632 2289 3729 genuinos,
2355 3632 2469 3730 qui
2531 3632 2948 3731 irrepsissent

714 3745 793 3810 ut
858 3737 1276 3809 observarent
1325 3734 1479 3835 quid
1529 3736 1820 3830 doceret,
1899 3735 2075 3833 quod
2149 3759 2295 3809 eum
2367 3735 2729 3808 doctrinam
2793 3731 2945 3805 Iesu

715 3864 839 3941 pro
889 3862 1012 3912 suo
1077 3837 1344 3912 arbitrio
1411 3837 1748 3935 diffingere
1812 3839 2341 3936 suspicarentur:
2433 3838 2565 3910 illis
2640 3861 2799 3913 vero
2871 3856 2943 3905 se

714 3968 801 4017 ne
889 3943 1092 4016 horae
1183 3942 1439 4041 quidem
1530 3942 1814 4041 spatium
1916 3940 2074 4015 Iesu
2163 3941 2474 4040 obsequio
2581 3940 2942 4039 segniorem

710 4048 940 4121 fuisse·
1637 4081 1673 4116 ο
2122 4086 2141 4098 ··

916 4145 1123 4222 Aliud
1170 4145 1416 4220 dictum
1464 4145 1703 4245 legitur
1750 4171 1816 4220 v.
1869 4151 1945 4220 6.
1997 4145 2170 4245 quod
2219 4172 2354 4220 non
2413 4147 2714 4221 videntur
2760 4148 2940 4219 recte

713 4252 1054 4352 accepisse
1067 4302 1095 4349 ,
1176 4249 1289 4350 qui
1354 4250 1456 4325 sic
1516 4249 1716 4325 verba
1779 4250 2322 4348 interpunxerunt
2337 4275 2360 4321 ε
2429 4251 2581 4327 ἀπὸ
2648 4246 2734 4326 δὲ
2780 4252 2936 4322 τῶν

716 4351 1158 4435 δοκούντων
1207 4351 1406 4432 εἶναι’
1450 4384 1524 4430 τι
1576 4351 1861 4449 (ὁποῖοί
1906 4380 2083 4429 ποτε
2109 4349 2307 4458 ἦσαν
2335 4354 2564 4432 οὐδέν
2585 4382 2735 4454 μοι·
2765 4350 2933 4427 δια-

718 4458 958 4563 φέρει·
1010 4456 1407 4562 πρόςωπον
1455 4453 1640 4545 θεὸς
1693 4452 2114 4559 ἀνθρώπου
2165 4451 2279 4536 043'
2309 4456 2710 4560 λαμβάνει)
2774 4447 2934 4552 ἐμοὶ
