3275 5317
684 473 776 550 12
1036 518 1042 525 ·
1173 525 1176 529 ι
1491 480 1610 543 DE
1652 475 2143 543 AESCHYLI

684 636 956 724 tentiae.
1073 641 1231 716 Alia
1296 664 1608 742 quaerere
1671 651 1940 718 monent
2005 642 2156 741 ipsa
2236 640 2436 718 verba
2500 640 2916 720 scholiastae.

683 745 862 823 Nam
913 746 1071 845 quid
1119 747 1269 820 hoc
1297 755 1431 821 est·
1485 749 1944 878 Ξενοφῶντα
1975 745 2059 822 δὲ
2110 747 2327 877 γένος
2355 776 2430 822 τι
2472 745 2735 822 Ἰνδῶν
2766 745 2919 847 φά-

684 879 818 929 ναι
867 850 1004 927 τὸν
1046 846 1383 946 χλούνην
1434 850 1658 939 εἶναι,
1712 847 2070 948 καθάπερ
2121 849 2249 925 καὶ
2276 850 2449 950 παρ’
2501 845 2919 949 Αἲσχύλῳὲ)

683 954 840 1030 Non
905 962 1246 1052 suspectos
1313 954 1592 1027 habehat
1656 953 1858 1027 Indos
1919 953 2339 1026 Heinrichius
2351 1007 2376 1048 ,
2454 961 2593 1027 tum
2662 953 2922 1051 quidem

684 1059 1110 1150 adolescens,
1185 1056 1270 1128 ad
1319 1055 1596 1130 Hesiodi
1666 1055 1952 1131 Scutum
2013 1053 2921 1178 v.168.qu0s0x2015va9

686 1160 841 1254 dici,
898 1161 1069 1258 quod
1116 1160 1288 1232 fusci
1339 1169 1582 1253 essent,
1634 1162 1930 1259 putabat.
2036 1157 2277 1253 Hodie,
2332 1168 2437 1233 sat
2486 1160 2624 1233 scio
2641 1212 2666 1253 ,
2722 1161 2782 1232 si
2830 1161 2921 1232 il-

683 1263 797 1337 luc
845 1264 1095 1356 redeat,
1149 1263 1343 1335 aliter
1390 1265 1630 1338 sentiat
1680 1263 1781 1335 vir
1831 1265 2271 1337 acutissimus.
2373 1260 2456 1335 In
2505 1262 2921 1360 Xenophon·

681 1367 771 1440 fis
821 1367 1028 1459 libris,
1084 1390 1247 1463 quos
1299 1367 1556 1462 quidem
1604 1367 1915 1438 habemus
1931 1419 1956 1460 ,
2024 1367 2184 1439 nihil
2233 1365 2598 1439 istiusmodi
2664 1366 2921 1439 inveni-

680 1477 829 1543 tur·
809 1521 830 1540 .
882 1477 957 1543 ut
997 1470 1315 1567 suspicer,
1347 1493 1479 1542 non
1507 1469 2040 1567 Xenophontem,
2086 1470 2204 1543 sed
2232 1469 2734 1567 Xenophanem,
2776 1470 2921 1542 for·-

679 1580 858 1645 tasse
883 1572 951 1643 in
978 1569 1190 1665 Sinis,
1245 1572 1325 1643 ab
1365 1573 1718 1646 scholiasta
1759 1597 1904 1644 esse
1929 1574 2352 1645 nominatum.
2430 1572 2725 1644 Maxime
2765 1597 2921 1646 vero

679 1674 831 1747 Indi
880 1676 1034 1747 hinc
1082 1675 1436 1747 facessant.
1540 1673 1715 1746 Nam
1763 1675 1892 1746 nisi
1937 1675 2197 1772 egregie
2246 1675 2462 1767 fallor,
2517 1676 2922 1773 scripserunt

467 1791 476 1801 '
597 1779 600 1782 ’
677 1777 1127 1875 grammatici,
1196 1785 1531 1850 auctorem
1580 1776 1766 1848 illum
1780 1830 1806 1870 ,
1874 1802 2065 1876 quem
2131 1785 2527 1871 memorant,
2580 1780 2793 1881 γένος
2843 1807 2921 1853 τι

681 1880 1021 1980 οἷκρίδων
1066 1877 1317 1977 φάναι
1365 1879 1506 1957 τὸν
1547 1875 1882 1975 χλούνην
1950 1880 2161 1957 εἶναι.
2265 1879 2350 1953 In
2401 1905 2545 1954 eam
2596 1905 2701 1954 me
2751 1905 2920 1954 con-

628 2029 634 2035 ·
675 1983 1049 2185 ἒοιῖἑζιῖἰο
1065 1982 1338 2159 adduixgt
1402 1982 1787 2057 scholiastes
1852 1983 2201 2060 Theocriti
2214 2035 2242 2079 ,
2315 1984 2427 2084 qui
2489 1985 2578 2057 ad
2637 1983 2870 2059 illud
2848 2008 2920 2058 ιιι

860 2321 865 2324 ,
883 2234 1157 2340 μάντις
1206 2268 1325 2316 τοι
1374 2239 1523 2317 τὰν
1573 2234 1815 2318 νύκτα
1855 2242 2236 2341 χροΐξεται
2286 2241 2337 2315 ἃ
2390 2239 2798 2339 καλαμαία,

676 2393 846 2467 haec
896 2391 1270 2467 adnotavit.
1250 2418 1270 2439 ·
1325 2398 1506 2477 ’ίσως
1558 2389 1701 2470 οὗν
1754 2392 1794 2469 ὃ
1857 2390 2249 2493 Θεόκριτος
2299 2393 2441 2490 τὴν
2494 2393 2760 2491 ἰσχνὴν
2811 2399 2917 2469 εῖ-

674 2504 850 2574 πεῖν
898 2498 1153 2573 θέλων
1204 2526 1333 2572 και
1397 2496 1989 2597 διεῳθινηκυῒαν
2050 2507 2279 2573 τοῦτο
2351 2496 2604 2597 φησίν.
2673 2496 2724 2594 ἢ
2775 2497 2919 2594 τὴν

680 2598 1082 2732 ἐπιβλαβές
1133 2601 1261 2676 καὶ
1301 2602 1635 2697 χαλεπὸν
1686 2601 2012 2700 ὁρῶσαν.
2092 2600 2569 2701 Ἀρίσταρχος
2630 2600 2781 2704 γὰρ
2834 2604 2918 2678 ἐν

613 2783 619 2784 ff
677 2701 1165 2836 ὑπομνήματι
1212 2702 1672 2808 Λυκούργου
1726 2702 2110 2801 Αἰσχύλου
2151 2704 2315 2801 ·τὴν
2384 2704 2663 2839 ακρίδα
2727 2702 2919 2804 φησὶ

676 2804 993 2905 ταύτην,
1048 2816 1107 2885 εἰ
1158 2810 1610 2910 προςβλέψει
1660 2809 1813 2884 τινὶ
1861 2818 2020 2886 τῶν
2076 2805 2317 2941 ζῳων,
2372 2809 2627 2908 ἐκείνῳ
2680 2808 2920 2885 κακὸν

676 2910 1060 3016 γίνεσθαι.
1118 2915 1274 2989 ἐστι
1325 2913 1410 2990 δὲ
1454 2912 1718 3012 χλωροὶ
1769 2913 1898 2988 καὶ
1948 2909 2367 3014 περιμήκεις
2431 2943 2610 2996 τους
2675 2908 2917 2996 πόδας

681 3018 958 3112 ε’χουσα
1023 3016 1153 3092 καὶ
1216 3014 1569 3105 λεπτούς,
1616 3017 1746 3091 καὶ
1830 3027 2159 3115 συνεχῶς
2228 3016 2507 3100 αυτους
2572 3024 2913 3092 κινοῦσα.

678 3117 904 3216 Atque
953 3120 1025 3190 in
1074 3119 1308 3195 iisdem
1361 3120 1653 3212 scholiis,
1707 3121 1937 3219 paucis
1989 3121 2376 3213 interiectis,
2427 3120 2576 3217 ipsa
2621 3118 2765 3190 illa
2784 3142 2917 3192 vox

677 3218 1227 3342 μακροσκελής,
1298 3220 1416 3293 sed
1478 3246 1824 3340 perperam
1887 3220 2391 3322 μακρόσκελος
2470 3222 2757 3318 scripta,
2831 3219 2915 3293 de

677 3325 811 3398 ista
860 3324 1138 3399 bestiola
1199 3323 1377 3397 dicta
1443 3332 1545 3397 est
1606 3324 1678 3394 in
1742 3324 1999 3419 1ι153ἢ
2049 3325 2096 3421 ἦ
2152 3324 2241 3419 σὴ
2296 3324 2625 3422 ἐρωμένη
2675 3323 2722 3419 ἡ
2776 3327 2915 3399 ἐοι-

670 3456 861 3503 κυιοι
909 3436 1002 3525 τῇ
1057 3426 1312 3527 ἄκρίδι
1360 3436 1451 3525 τῇ
1505 3425 1890 3526 καλαμαία
1942 3428 2501 3527 ὀνομαζομένη,
2566 3458 2657 3524 τῃ
2724 3425 2913 3525 πρὸς

678 3529 1041 3630 μαντείας
1094 3529 1497 3629 ἐπιτηδεία,
1549 3533 2080 3631 περιβαλεῖται
2107 3531 2246 3606 τὸν
2287 3526 2548 3630 χρωτά
2604 3554 2741 3606 σου
2783 3559 2914 3605 κα-

677 3633 777 3710 τὰ
825 3634 966 3730 τὴν
1016 3631 1293 3711 νύκτα·
1346 3635 1758 3723 τουτέστιν,
1809 3663 1855 3731 η
1910 3634 2125 3731 ἰσχνὴ
2155 3634 2283 3709 καὶ
2312 3634 2529 3730 λεπτὴ
2583 3634 2712 3708 καὶ
2759 3662 2912 3732 μα-

677 3737 1073 3836 κροσκελὴς
1126 3736 1818 3840 συγκοιμηθήσεταί
1870 3761 2008 3813 σοι.
2111 3738 2507 3811 Retulerunt
2556 3736 2778 3833 haec,
2799 3736 2913 3835 qui

676 3840 1043 3937 fragmenta
1090 3838 1404 3938 Aeschyli
1454 3842 1833 3936 ediderunt,
1885 3842 1969 3913 ad
2017 3839 2434 3937 Lycurgum:
2499 3863 2724 3912 verum
2786 3865 2913 3913 ne-

678 3968 807 4043 que
859 3968 945 4016 an
994 3944 1156 4016 illud
1205 3942 1579 4018 Aristarchi
1628 3942 2041 4043 ὑπόμνηιια
2106 3939 2566 4043 Λυκούργου
2642 3944 2912 4017 univer-

680 4071 823 4120 sam
872 4048 1281 4143 tetralogiam
1335 4048 1747 4146 complexum
1798 4048 1884 4122 sit
1935 4049 2203 4140 scimus,
2257 4071 2493 4144 neque,
2545 4047 2667 4119 ut
2646 4072 2718 4118 ιιι
2769 4047 2910 4120 solo

676 4147 990 4247 Lycurgo
1042 4151 1429 4243 constiterit,
1482 4175 1613 4223 non
1663 4152 1877 4249 potuit
1901 4152 2096 4224 etiam
2122 4165 2346 4223 eorum
2398 4149 2641 4248 aliquid
2691 4151 2910 4248 expli-

678 4253 845 4346 cari,
900 4278 1065 4350 quae
1115 4255 1186 4325 in
1232 4255 1635 4352 praegressis
1685 4255 2059 4351 legerentur
2105 4254 2482 4375 tragoediis.
2585 4250 2697 4327 Ac
2745 4277 2910 4351 pro-

677 4353 856 4428 fecto
906 4356 1023 4430 vix
1093 4356 1376 4431 dubitari
1450 4381 1648 4456 posse
1725 4358 2048 4451 arbitror,
2127 4358 2292 4458 quin
2354 4381 2522 4457 quae
2601 4356 2913 4430 disseruit

678 4455 1108 4536 Aristarchus
1182 4460 1270 4536 ad
1339 4460 1526 4537 illum
1595 4461 1814 4561 ipsum
1879 4485 2179 4559 versum,
2254 4461 2445 4538 cuius
2499 4459 2909 4536 emendatio·-
