3275 5317
727 472 863 543 212
936 472 943 481 '
1231 470 1353 532 DE
1396 467 1881 535 VETERVM
1924 467 2534 533 GRAECORVM

621 625 626 631 ’
734 645 921 712 texta
989 632 1309 707 oratione.
1438 630 1694 706 Similis
1757 633 1887 705 levi
1949 656 2099 705 cum
2166 631 2547 706 discrimine
2619 631 2979 731 eorumdem

734 741 1082 830 verborum
1130 736 1302 808 ratio
1355 743 1458 808 est
1504 736 1574 807 in
1626 736 2089 834 epigrammate
2138 733 2588 832 Anthologiae
2653 731 2983 809 Palatinae

737 840 903 916 VII.
956 843 1137 916 730.
1190 838 1321 912 vol.
1373 836 1436 911 Ι.
1486 864 1558 937 ιι.
1613 839 1790 911 529.
1846 838 2019 936 quod
2085 839 2390 936 quoniam
2456 837 2757 911 nondum
2804 839 2985 936 peni-

682 1023 687 1026 ,
737 954 846 1021 tus
898 949 1330 1042 expurgatum
1382 940 1597 1033 video,
1653 943 1993 1014 emendate
2045 941 2362 1039 scriptum
2404 941 2569 1014 dare
2596 941 2810 1014 visum
2858 950 2983 1014 est:

697 1099 745 1168 7
953 1093 1259 1172 Δειλαία
1312 1090 1773 1182 Μνασυλλα,
1823 1092 1901 1170 τί
1945 1123 2064 1168 τοι
2114 1092 2243 1168 καὶ
2295 1094 2400 1169 ἐπ’
2453 1091 2655 1192 ἠρίῳ
2709 1087 2924 1177 οὗτος

1052 1197 1473 1329 ιιυρομὲνατ
1493 1194 1775 1295 κούρας
1822 1197 2157 1301 γραπτὰς
2209 1199 2454 1272 ἔπεστι
2501 1194 2749 1282 τύπος

949 1299 1371 1399 Νευτίιιας,·
1424 1294 1514 1385 ἇς
1565 1300 1661 1397 δή
1711 1303 1873 1376 ποκ’
1931 1302 2077 1375 ἄπο
2130 1300 2394 1401 ψυχὰν
2445 1297 2824 1431 ἐρύσαντο

1057 1405 1349 1491 ὠδῖνες,
1402 1411 1635 1479 κεῖται
1687 1405 1767 1480 δ’
1824 1404 1946 1480 οἷα
1997 1403 2190 1478 κατὰ
2243 1401 2666 1503 βλεφάρων

956 1505 1183 1604 ἇχλύι·
1230 1504 1788 1605 πλημμύρουσα
1842 1506 2064 1607 φίλας
2115 1506 2261 1582 ὕπὸ
2316 1507 2614 1638 ματρὸς
2668 1507 2983 1637 ἀγοστῷ,

1056 1617 1243 1699 αἰαῖ,
1290 1611 1815 1707 Ἀριστοτέλης
1867 1610 1947 1686 δ’
2005 1610 2144 1685 οὐκ
2196 1607 2593 1687 ἀπάνευθε
2648 1610 2894 1706 πατὴρ

952 1710 1285 1812 δεξιτερᾷ
1336 1713 1676 1813 κεφαλὰν
1729 1710 2218 1813 ἐπεμάσσατο.
2275 1709 2337 1788 ὦ
2386 1744 2588 1817 ιιεγα
2641 1712 2894 1803 δειλοί,

1057 1816 1237 1894 οὐδὲ
1287 1814 1663 1902 θανόντες
1715 1820 1866 1894 ἑῶν
1918 1814 2352 1903 &eloi-9⁸63?
2410 1818 2688 1915 ἀχέων.

749 1972 925 2048 Nam
971 1972 1081 2046 hic
1133 1997 1388 2071 quoque
1403 2025 1429 2067 ,
1481 1981 1558 2046 ut
1603 1972 1675 2044 in
1740 1972 2001 2071 poetico
2066 1996 2404 2065 sermone,
2474 1971 2807 2047 incertum
2868 1975 2983 2059 est,

752 2078 1016 2175 pictane
1044 2077 1425 2195 caelatum,-
1456 2083 1533 2148 ut
1558 2073 1864 2149 Iacobsio
1918 2084 1985 2149 et
2033 2076 2362 2149 Rochetto
2390 2076 2783 2174 placet,an
2697 2071 2983 2146 ausim-

750 2180 1012 2281 pliciter
1062 2179 1353 2253 caelatae
1403 2178 1761 2274 imagineS,
1813 2204 1900 2252 an
1949 2179 2227 2276 denique
2293 2179 2451 2253 solis
2504 2177 2837 2252 coloribus
2882 2173 2984 2272 pi·-

754 2291 903 2357 ctae
952 2280 1437 2379 significentur·
1491 2283 1609 2354 sed
1661 2282 1834 2380 apud
1882 2280 2271 2379 Euripidem
2321 2282 2533 2355 etiam
2570 2280 2739 2352 illud
2788 2276 2985 2350 ambi-

753 2410 953 2483 guum
1006 2394 1132 2477 est,
1183 2394 1402 2457 utrum
1442 2382 1857 2504 γραπτούς,
1909 2392 1985 2457 ιιι
2033 2385 2103 2456 in
2144 2386 2618 2482 epigrammate
2665 2384 2822 2473 isto,
2873 2378 2984 2451 ad-

754 2488 962 2560 ditum
1011 2488 1102 2559 sit
1148 2494 1225 2559 ut
1271 2485 1514 2583 figuras
1580 2486 1727 2557 illas
1779 2489 1992 2584 pictas
2042 2487 2147 2559 vel
2197 2489 2490 2586 sculptas
2541 2511 2697 2560 esse
2744 2483 2984 2556 indice-

755 2600 905 2682 tur,
976 2613 1062 2665 an
1126 2596 1203 2661 ιιι
1265 2613 1395 2687 quo
1458 2590 1609 2662 loco
1677 2590 1809 2662 sint
1872 2590 2126 2688 positae
2183 2612 2714 2687 ιοοὲιιοεοειιιιιιεε
2781 2591 2983 2713 potest

756 2694 930 2766 enim
997 2694 1080 2770 ἐν
1131 2698 1442 2768 αἶετοῒσι
1507 2693 1614 2765 vel
1680 2719 1831 2766 cum
1891 2690 2177 2778 τύπους
2226 2695 2332 2767 vel
2394 2719 2548 2767 cum
2615 2685 2982 2812 γραπτοῦς

675 2856 679 2863 .
758 2797 1091 2894 coniungi.
1193 2795 1572 2893 Vtcumque
1624 2805 1749 2890 est,
1804 2806 1985 2871 certe
2034 2797 2137 2870 his
2187 2822 2315 2869 nou
2367 2806 2651 2896 possunt
2699 2795 2793 2868 uti
2806 2847 2831 2887 ‚
2881 2788 2981 2927 qui

756 2902 1045 2998 parietes
1094 2901 1310 2999 pictos
1364 2900 1738 2974 defendunt.

730 3070 733 3077 .
844 3080 856 3089 ,
962 3002 1120 3078 Non
1182 3004 1418 3087 minua.
1461 3003 1832 3100 ambiguum
1894 3018 2092 3101 saepe
2173 3004 2275 3076 est
2289 3055 2314 3095 ‚
2398 3003 2554 3102 quid
2624 3003 2714 3076 sit
2774 2994 2981 3075 εἶκιὸν

757 3104 1074 3212 γραπτή.
1183 3106 1378 3198 Quod
1426 3107 1496 3177 in
1559 3104 1842 3181 Deliaco
1911 3108 2174 3180 decreto
2243 3107 2597 3203 Tyriorum
2665 3109 2979 3178 mercato-

662 3259 665 3263 ·
757 3236 904 3295 rum
969 3209 1288 3306 scriptum
1352 3218 1492 3300 est,
1562 3209 1969 3286 ἀναθεῖναι
2032 3208 2117 3284 δὲ
2184 3210 2424 3285 αὐτοῦ
2492 3207 2746 3286 εἰκόνα
2809 3231 2979 3322 γρα-

726 3310 952 3406 ’πτὴν
1017 3315 1102 3387 ἐν
1164 3318 1275 3409 τῷ
1343 3310 1628 3407 τεμένει
1705 3320 1844 3387 τοῦ
1899 3312 2381 3433 Ἡρακλέουςῖ
2457 3312 2858 3388 Welckerus
2915 3305 2978 3377 in

666 3415 675 3423 ’
734 3412 1030 3512 Sylloge
1091 3440 1162 3513 p.
1225 3417 1394 3488 162.
1513 3411 1839 3512 Sponium
1913 3416 2080 3490 falso
2154 3443 2278 3516 pro
2352 3417 2636 3514 imagine
2689 3412 2977 3508 sculpta,

754 3518 1274 3614 Wesselingium
1323 3543 1445 3617 pro
1495 3518 1720 3590 tabula
1767 3519 1950 3617 picta
1991 3520 2295 3593 habuisse
2323 3520 2573 3613 dicenS,
2607 3520 2976 3630 fortasse,

760 3623 994 3743 ἰιιιιιιὶι,
1046 3631 1313 3693 statua
1377 3618 1758 3693 coloribus
1820 3621 2222 3716 ἰἠειξηίία.
2338 3621 2541 3696 Falso
2603 3624 2803 3721 igitur
2862 3613 2976 3704 illi,

736 3726 916 3823 quia·
961 3725 1242 3798 fortasse
1290 3725 1439 3817 fuit,
1494 3725 1669 3823 quod
1717 3726 1847 3824 ipsi
1896 3721 2199 3825 placuit?
2266 3726 2443 3818 Quid
2466 3751 2649 3819 vero,
2676 3726 2734 3798 si
2765 3722 2834 3794 id
2857 3739 2976 3790 non

758 3829 919 3902 fuit.
901 3821 937 3881 Ρ
1040 3825 1139 3901 Ει
1186 3853 1320 3902 non
1368 3827 1571 3901 fuisse
1620 3829 1830 3901 visum
1896 3838 2000 3903 est
2061 3830 2430 3923 Rochetto,
2499 3831 2772 3920 merito,
2837 3819 2977 3920 quia

631 3974 637 3983 ·
752 3932 940 4005 nullo
1004 3954 1274 4030 prorsus
1342 3940 1444 4005 est
1509 3941 1889 4029 argumento
1955 3934 2486 4007 demonstratum.
2587 3931 2659 4006 Is
2707 3926 2975 4004 tabulam

686 4068 689 4071 “
760 4036 1008 4134 pictam
1059 4035 1193 4108 dici
1242 4035 1617 4128 arbitratur,
1667 4037 1860 4109 item·
1877 4045 1954 4110 ut
2002 4062 2045 4109 a
2094 4034 2427 4111 Strabone
2486 4035 2559 4108 in
2622 4036 2723 4108 his
2783 4020 2972 4103 XIV·

761 4163 831 4236 p.
885 4142 1062 4213 648.
1114 4137 1243 4214 καὶ
1291 4138 1337 4234 ἦ
1388 4138 1659 4237 πατρὶς
1707 4138 1795 4214 δ’
1850 4142 2127 4224 ἱκανῶς
2179 4137 2417 4216 αὐτὸν
2486 4140 2753 4235 ηὔξησε
2799 4156 2973 4223 πορ-

644 4268 651 4273 ·
767 4237 1081 4340 φύραν
1111 4238 1495 4318 ἐνδύσασα
1562 4243 1974 4342 ἱερωμένην
2036 4250 2175 4318 τοῦ
2229 4240 2720 4326 σωσιπόλιὸος
2780 4228 2970 4320 Διός,

763 4341 1115 4444 καθαπερ
1163 4344 1293 4420 καὶ
1339 4343 1385 4441 ἦ
1404 4345 1732 4475 γραπτὴ
1787 4344 2010 4423 elaeon!
2062 4346 2451 4446 εμφανίζει
2501 4346 2548 4443 ἡ
2576 4375 2660 4423 εν
2685 4352 2775 4440 τῇ
2803 4340 2971 4453 ἆγθ

765 4453 902 4547 ρᾷ·
959 4448 1112 4521 ἔστι
1164 4446 1249 4523 δὲ
1299 4448 1429 4523 καὶ
1469 4458 1714 4544 χαλκῆ
1766 4449 1988 4528 εἶκων
2038 4479 2123 4527 εν
2170 4460 2282 4550 τῷ
2331 4447 2676 4550 θεάτρῳ.
2727 4444 2832 4518 De
2878 4436 2972 4509 ¹¹¹⁸
