3275 5317
729 419 819 490 ⁷2
1238 422 1359 486 DE
1402 421 2447 489 INTERPOLATIONIBVS

729 582 814 657 iis
852 582 1434 683 ‚aequipararetun
1483 584 1925 685 magnitudine
1971 592 2181 679 tanta,
2233 591 2540 683 quantam
2590 589 2841 682 posoea
2881 582 2990 656 vel

730 687 805 758 ιιι
852 699 1107 759 summa
1153 689 1584 764 aemulatione
1644 689 1845 788 pauci
1892 688 2350 787 aequaverint,
2415 686 2725 786 plerique
2791 709 2883 759 ne
2947 709 2990 759 e

731 788 1083 887 longinquo
1132 791 1393 888 quidem
1441 792 1575 866 sint
1622 792 1984 889 assequuti,
2035 791 2554 889 antiquissimum
2599 795 2838 863 autom
2864 810 2992 864 ae-

731 916 886 966 vum
932 916 1022 966 ne
1069 893 1329 992 cepisse
1377 895 1637 994 quidem
1684 895 2005 988 videatur,
2053 894 2291 968 nedum
2339 899 2416 966 ιιι
2464 914 2785 967 caussam
2817 915 2990 965 con-

731 995 1002 1068 tinuerit
1048 996 1250 1069 ullam
1297 1005 1434 1071 tam
1479 998 1683 1095 longa
1730 998 2022 1071 carmina
2062 996 2421 1087 condendi3
2473 994 2769 1093 denique
2820 992 2993 1068 mira

732 1097 1083 1172 solitudine
1131 1124 1221 1173 ex
1269 1101 1517 1199 antiqui
1566 1099 1713 1174 aevi
1760 1100 2073 1175 memoria
2121 1099 2535 1198 superantia,
2586 1107 2671 1172 ut
2722 1094 2992 1176 demum

733 1189 1066 1322 aliquanto
1129 1211 1283 1301 post
1356 1205 1573 1278 subito
1639 1227 1880 1301 magna
1941 1203 2302 1277 effloruerit
2369 1225 2561 1301 seges
2631 1208 2993 1299 poetarum

630 1337 637 1344 ·
739 1305 1103 1402 epicorum,
1155 1329 1533 1406 eorumque,
1586 1308 1763 1404 quod
1809 1305 2094 1380 maxime
2142 1305 2446 1397 mirum,
2483 1328 2573 1377 ex
2623 1302 2783 1402 ipso
2833 1301 2990 1376 Ho-

635 1409 919 1488 nmero
967 1407 1158 1505 quasi
1202 1409 1804 1508 propulluluntium,
1854 1410 1969 1530 qui
1991 1388 2190 1507 quod
2238 1408 2322 1480 ab
2368 1407 2484 1480 illo
2533 1403 2992 1504 significatum

731 1510 1018 1585 breviter
1067 1518 1269 1605 esset,
1318 1511 1622 1586 uberiore
1673 1512 2083 1611 expositione
2133 1509 2637 1610 amplificarent.

936 1611 1023 1686 In
1069 1612 1174 1686 his
1222 1613 1436 1712 primo
1485 1614 1616 1690 hoc
1684 1616 1944 1713 quidem
1992 1616 2135 1690 leve
2200 1622 2338 1707 est,
2402 1612 2580 1712 quod
2646 1610 2989 1687 Homerus

734 1715 898 1792 nihil
934 1716 1064 1789 nisi
1111 1715 1280 1790 iram
1327 1713 1627 1792 Achillis
1678 1726 1747 1791 et
1794 1716 2018 1791 Vlixis
2065 1717 2349 1792 reditum
2407 1714 2712 1791 carmine
2763 1714 2990 1835 expli-

735 1820 899 1894 cuit.
1001 1815 1575 1918 Aequiescendnm
1625 1821 1799 1894 enim
1848 1821 1922 1893 in
1970 1844 2052 1895 eo
2121 1820 2297 1917 quod
2357 1819 2610 1893 factum
2676 1826 2785 1892 est
2797 1869 2826 1911 ,
2875 1816 2990 1889 in-

734 1930 1086 2023 eptumque
1134 1930 1240 1997 est
1286 1948 1603 2022 quaerere
1654 1949 1776 1998 cur
1823 1948 1957 1998 non
2006 1923 2206 1998 etiam
2253 1922 2417 1996 alias
2466 1946 2577 1995 res
2634 1920 2990 2012 cecinerit,

735 2049 937 2124 quum
986 2049 1262 2100 caussae
1309 2027 1589 2125 cogitari
1636 2027 1880 2101 multae
1895 2079 1922 2121 ,
1970 2026 2249 2101 inveniri
2310 2033 2531 2099 autem
2592 2024 2748 2099 sine
2815 2029 2987 2112 teste

733 2128 973 2203 idoneo
1021 2129 1205 2202 nulla
1252 2131 1489 2228 possit.
1590 2126 1692 2203 At
1737 2130 1904 2204 illud
1947 2129 2184 2205 mirum
2214 2153 2426 2227 neque
2477 2127 2804 2203 credibile
2856 2132 2987 2220 est,

733 2253 940 2305 unum
987 2241 1129 2305 tum
1158 2241 1441 2329 poetam
1498 2231 1860 2308 Homerum
1874 2284 1901 2326 ,
1965 2256 2178 2331 neque
2225 2231 2431 2305 ullum
2465 2230 2703 2304 alium
2752 2229 2987 2321 fnisse,

735 2342 960 2454 atque,
1010 2341 1088 2407 ut
1134 2334 1248 2408 ille
1296 2335 1495 2410 fuerit
1544 2336 1724 2411 solus
1775 2343 1998 2435 poeta,
2048 2359 2184 2409 non
2235 2333 2457 2409 statim
2506 2342 2785 2408 exortos
2836 2355 2985 2406 esse
3083 2413 3090 2420 ,
3187 2397 3190 2404 .

731 2438 851 2535 qui
901 2461 1053 2509 eum
1099 2438 1606 2533 aemularentur,
1659 2439 1897 2537 quique
1914 2490 1940 2531 ,
2010 2462 2209 2537 quum
2257 2462 2391 2512 non
2441 2436 2800 2510 admodum
2850 2433 2986 2508 ‹lif-

735 2539 930 2616 ficilis
999 2540 1072 2611 in
1135 2548 1319 2615 tanta
1380 2540 1645 2639 linguae
1712 2541 2171 2617 commoditate
2253 2548 2432 2616 esset
2509 2562 2620 2612 ars
2685 2538 2982 2640 poetica,

735 2642 902 2716 alias
950 2650 1172 2742 partes
1218 2643 1377 2717 belli
1425 2644 1733 2738 Troiani,
1786 2644 2079 2743 aliosque
2143 2643 2419 2718 aliorum
2486 2642 2733 2718 ducum
2797 2640 2983 2716 redi·-

735 2753 845 2820 tus
893 2746 1042 2844 pari
1093 2745 1482 2821 dexteritate
1529 2756 1915 2822 tractarent.
2016 2746 2099 2822 Id
2146 2747 2349 2844 igitur
2390 2771 2589 2866 quum
2615 2745 2810 2822 credi
2856 2768 2982 2817 ue-

592 2940 599 2946 ,
704 2857 961 2948 queat,
1010 2850 1400 2950 relinquitur
1448 2858 1565 2924 aut
1610 2852 1818 2925 multo
1867 2851 2235 2926 recentiore
2288 2873 2450 2924 aevo
2501 2848 2752 2924 vixisse
2802 2871 2980 2940 eum,

741 2952 856 3050 qui
902 2951 1177 3027 Iliadem
1226 2962 1421 3052 atque
1473 2952 1843 3052 Odysseam
1889 2954 2148 3048 fecerit,
2202 2977 2409 3052 eaque
2435 2950 2770 3026 Nitzschii
2820 2975 2979 3025 sen-

738 3054 947 3129 tentia
995 3065 1134 3130 est·
1113 3109 1135 3130 .
1200 3057 1378 3155 quod
1437 3066 1660 3132 tamen
1720 3059 1936 3157 ipsum
2001 3081 2259 3156 quoque
2322 3056 2592 3130 credere
2664 3062 2737 3129 et
2806 3054 2982 3128 fama

741 3158 1145 3255 antiquitatis
1196 3168 1264 3234 et
1314 3161 1673 3233 carminum
1719 3161 2077 3235 auctoritas
2125 3157 2471 3259 prohibent
2483 3210 2510 3255 ,
2559 3157 2678 3232 illa
2728 3165 2976 3248 autem,

745 3283 914 3358 qnae
945 3284 1146 3358 supra
1194 3261 1277 3334 de
1318 3262 1927 3360 interpolationibus
1957 3262 2425 3361 disputavimus
2440 3314 2467 3356 ,
2518 3286 2795 3382 prorsus
2844 3283 2977 3334 non

738 3362 1109 3462 patiuntur3
1162 3372 1278 3437 aut
1292 3414 1318 3456 ,
1372 3365 1485 3462 qui
1531 3366 1797 3439 fuerunt
1844 3373 2078 3465 poetae
2130 3365 2559 3463 antiquissimi
2573 3415 2599 3456 ,
2665 3386 2975 3462 compre·

739 3466 980 3539 hensos
1027 3465 1305 3540 Homeri
1367 3468 1627 3542 nomine
1693 3470 1901 3543 latere
1914 3522 1940 3563 ,
2008 3492 2174 3567 quae
2236 3469 2361 3543 fuit
2407 3465 2642 3541 Wolfii
2712 3466 2974 3566 opinio·

740 3567 813 3639 in
863 3593 995 3666 qua
1040 3577 1264 3642 tamen
1309 3594 1572 3643 rursum
1618 3572 1784 3645 illud
1830 3573 2039 3665 redit,
2089 3580 2166 3646 ut
2193 3572 2461 3645 credere
2489 3595 2626 3645 non
2648 3570 2973 3670 possimus

739 3670 904 3743 nibil
952 3695 1070 3745 eos
1132 3679 1398 3770 praeter
1458 3674 1576 3745 illa
1638 3676 1769 3749 duo
1831 3684 2213 3774 argumenta
2275 3674 2595 3772 attigisse.
2712 3671 2975 3769 Vbique

738 3772 940 3870 igitur
990 3781 1350 3848 noem-runt
1397 3775 1830 3852 incredibilia.

945 3876 1135 3970 Quae
1199 3876 1360 3949 miln
1424 3881 1863 3955 consideranti
1925 3882 2091 3955 haec
2157 3904 2292 3953 una
2351 3887 2578 3978 patere
2638 3879 2975 3958 videbatur

736 3980 867 4073 via,
918 3989 996 4053 ut
1041 3979 1227 4051 illam
1276 3986 1415 4054 tam
1465 3982 1909 4057 admirabilem
1955 3982 2231 4058 Homeri
2291 3983 2571 4057 nominis
2622 3982 2972 4060 celebrita-

727 4089 862 4155 tem
911 4106 955 4155 a
1002 4081 1122 4156 tali
1168 4080 1397 4179 aliquo
1446 4085 1681 4159 merito
1731 4095 2200 4185 repeteremus,
2250 4085 2425 4183 quod
2461 4095 2692 4187 suapte
2742 4093 2975 4159 natura

725 4184 822 4255 ita
871 4195 1047 4260 esset
1112 4194 1614 4304 comparatum,
1687 4197 1762 4263 ut
1824 4214 1956 4263 uno
2022 4189 2302 4288 primum
2364 4188 2607 4270 illustri
2671 4185 2970 4284 exemplo

724 4292 1054 4359 ostensum
1118 4287 1385 4361 animos
1454 4289 1788 4366 hominum
1868 4290 2255 4385 adverterit,
2334 4316 2668 4413 novaeque
2725 4291 2971 4367 formae

718 4384 1040 4462 illecebris
1092 4388 1416 4468 allexerit
1468 4418 1554 4470 ac
1604 4396 1968 4472 retinuerit.
2070 4393 2465 4472 Desinemus
2528 4395 2701 4472 enim
2747 4388 2969 4469 mirari
