3275 5317
930 474 1359 545 ‚Plc'rvRA
1399 474 1920 581 Panlss‘rvm.
2415 474 2549 543 217

310 636 458 713 Sed
506 638 569 711 si
613 638 690 714 in
753 638 1187 712 monumentis
1251 638 1727 737 sepulcralibus
1800 639 1967 738 picti
2041 639 2173 713 sint
2233 640 2556 738 parietes,

310 766 446 817 non
496 749 690 840 putat
738 741 955 839 pictos
1006 766 1154 814 esse
1202 742 1274 814 in
1299 741 1559 840 templis
1584 742 1859 839 aliisque
1900 740 2239 816 aedificiis.
2294 743 2551 836 Quam·
2689 814 2694 819 ,

309 869 509 942 quam
558 845 826 936 fatetur,
879 844 1055 942 quod
1105 844 1186 918 de
1235 844 1547 918 Panaeno
1599 845 1831 918 scribit
1877 843 2133 919 Plinius
2198 844 2549 920 XXXVI.

312 948 437 1022 55.
490 947 578 1019 in
638 946 863 1019 Elide
932 946 1161 1019 aedes
1225 958 1348 1020 est
1408 946 1814 1020 Minervae
1827 999 1854 1041 ,
1919 946 2006 1019 ιἰι
2070 970 2224 1046 qm
2266 950 2553 1044 frater

311 1050 644 1124 Phidiae
693 1050 1112 1123 Panaenus
1161 1050 1572 1124 tectorium
1620 1049 1941 1123 obduxit
1985 1050 2189 1124 lacte
2251 1062 2332 1124 et
2386 1075 2555 1125 cro-

314 1177 406 1228 οο
458 1152 884 1247 subactum,
934 1164 1033 1226 ut
1055 1155 1378 1249 ferunt,
1429 1156 1677 1228 factum
1727 1154 1934 1227 videri
1983 1179 2026 1226 a
2072 1154 2386 1230 Panaeno
2401 1209 2428 1250 ‚
2480 1165 2557 1230 ut

313 1284 395 1333 8ο
446 1260 518 1331 in
566 1258 845 1332 tectorio
894 1258 1226 1355 pingeret.
1208 1285 1226 1304 ·
1294 1259 1591 1356 pinxisse
1656 1258 1830 1332 enim
1879 1258 2175 1333 eumdem
2240 1259 2557 1357 parietes,

219 1358 225 1363 ’
315 1362 430 1460 qni
484 1358 831 1459 Olympiae
882 1360 1229 1457 cingebant
1277 1371 1559 1434 statuam
1608 1360 1814 1454 Iovis,
1868 1359 1950 1433 de
1961 1362 2213 1491 quibus
2244 1363 2343 1436 sic
2366 1361 2557 1435 Pau-

315 1465 536 1538 sanias
601 1463 692 1538 V.
770 1469 891 1556 ll,
957 1468 1036 1538 4.
1103 1468 1187 1542 ἐν
1254 1464 1629 1563 Ὀλυμπίᾳ
1698 1461 1783 1540 δὲ
1849 1461 2190 1564 ἐρύματα
2270 1462 2557 1565 τρόπον
2613 1494 2617 1498 Α

314 1567 596 1665 τοίχων
646 1567 1102 1665 πεποιημένα
1151 1598 1259 1646 τα
1304 1563 1762 1699 ἀπείργοντά
1813 1569 2005 1643 ἐστι·
2063 1568 2197 1668 (sic
2260 1569 2560 1642 scriben-

315 1671 504 1766 dum)
570 1668 867 1748 τούτων
930 1678 1091 1748 τῶν
1167 1668 1568 1803 ἐρυμάτων
1648 1671 1834 1748 όσον
1885 1669 2053 1799 ”pter
2135 1671 2562 1771 ἀπαντικρὺ

313 1784 477 1852 τῶν
513 1778 828 1907 θυρῶνιν
872 1773 1118 1863 ἐστίν,
1189 1773 1584 1871 ἀλήλιπται
1659 1783 1923 1874 κυανῷ
1990 1771 2421 1905 μόνον·τά
2471 1773 2566 1851 δὲ

317 1877 541 1955 λοιπὰ
621 1879 883 1954 αὐτῶν
961 1877 1356 1976 παρέχεται
1435 1876 1845 1955 Παναίνου
1925 1874 2255 1978 γραφας.
2371 1878 2559 1971 Quas

315 1982 612 2081 picturas
665 1980 817 2054 dein
868 1980 1200 2054 describit.
1253 1978 1397 2053 Eas
1447 1982 1517 2054 in
1566 1980 1697 2054 udo
1764 1981 1979 2079 pictas
2028 1982 2234 2055 fuisse
2291 1982 2563 2055 coniicit

315 2085 712 2179 Rochettus,
766 2084 1026 2158 collatis
1049 2082 1252 2156 Plinii
1276 2092 1344 2157 81
1393 2083 1765 2157 Pausaniae
1815 2086 1991 2157 inter
2040 2109 2113 2157 se
2139 2084 2559 2177 testimoniis,

276 2192 283 2197 ’
317 2212 707 2286 quamquam
761 2212 848 2260 ex
898 2187 1250 2279 mentione,
1305 2211 1499 2286 quam
1546 2187 1946 2262 Plutarchus
1987 2188 2060 2259 in
2087 2184 2433 2261 Amatorio
2481 2212 2556 2286 p.

316 2291 498 2366 759.
555 2289 638 2364 G.
693 2299 762 2364 et
809 2289 1068 2363 Plinius
1115 2288 1432 2363 XXXV.
1490 2294 1613 2364 31.
1666 2291 1860 2363 huius
1921 2290 2232 2389 pingendi
2298 2291 2559 2386 generis

315 2393 604 2486 faciant,
679 2418 814 2467 non
890 2418 1087 2491 posse
1165 2394 1389 2491 colligi
1403 2412 1463 2487 ,·
1509 2394 1939 2468 communiter
2012 2394 2189 2493 apud
2255 2392 2560 2469 Graecos

315 2504 703 2595 usurpatum
724 2516 729 2523 ’
753 2520 901 2569 8888
950 2496 1225 2571 florente
1277 2505 1419 2570 arte
1469 2504 1537 2570 et
1586 2521 1629 2570 a
1680 2497 1877 2571 claris
1925 2497 2310 2596 pictoribus.
2412 2495 2564 2570 Ita-

320 2626 445 2699 que
496 2600 626 2672 hoc
656 2599 1008 2696 singulare
1059 2601 1430 2698 exemplum
1493 2600 1656 2671 nihil
1717 2600 1995 2699 probare
2024 2602 2153 2673 nisi
2177 2600 2562 2674 Panaenum

317 2712 590 2802 propter
639 2703 1096 2799 cognationem
1147 2711 1216 2776 et
1263 2703 1617 2776 amicitiam
1671 2727 1822 2776 cum
1870 2702 2111 2776 Phidia
2172 2728 2245 2776 se
2307 2704 2392 2776 ad
2456 2704 2564 2776 vi-

318 2807 447 2879 lius
500 2830 708 2902 genus
757 2806 1055 2903 picturae
1108 2806 1471 2878 demisisse.
1577 2802 1837 2878 Vereor
1868 2830 1952 2878 ne
1986 2805 2136 2904 plus
2173 2830 2368 2904 quam
2396 2831 2563 2904 opus

322 2918 464 2984 erat
527 2909 802 3006 largitus
874 2909 962 2982 sit
1023 2908 1391 2983 Rochettus
1455 2908 1778 3006 parietum
1841 2909 2165 3007 picturam
2232 2906 2564 2983 Graeciae

327 3013 826 3087 vindicantibus.
929 3009 1112 3083 Nihil
1164 3019 1267 3085 est
1319 3012 1490 3083 enim
1543 3011 1719 3109 quod
1768 3018 1964 3108 cogat
2014 3012 2285 3085 credere
2333 3011 2406 3083 in
2455 3020 2565 3085 te-

323 3117 534 3192 ctorio
613 3115 743 3188 ista
820 3115 1115 3213 pinxisse
1185 3113 1568 3188 Panaenum
1585 3165 1612 3207 ,
1691 3115 1997 3213 quoniam
2075 3115 2189 3187 isti
2249 3115 2562 3213 parietes,

323 3244 488 3319 quos
558 3214 922 3292 Pausanias
984 3214 1272 3318 τρόπον
1334 3217 1612 3314 τοίχων
1693 3218 2151 3317 πεποιημένα
2228 3215 2566 3317 ἐρύματα

324 3322 654 3422 appellat,
709 3347 840 3395 non
902 3323 1105 3395 fuisse
1174 3323 1343 3394 muri
1358 3375 1384 3416 ‚
1453 3321 1573 3396 sed
1615 3346 1838 3396 muros
1881 3332 2411 3420 repraesentasse
2461 3324 2567 3395 vi-

326 3427 585 3500 dentur.
690 3423 1043 3498 Caeterum
1108 3426 1433 3523 picturam
1498 3426 1569 3496 in
1633 3426 1765 3516 udo
1780 3477 1806 3518 ‚
1883 3425 1965 3497 de
2034 3449 2163 3523 qua
2226 3425 2570 3525 praecepit

321 3528 666 3603 Vitruvius
741 3527 905 3601 VII.
975 3532 1049 3621 3,
1118 3530 1194 3602 7.
1260 3554 1331 3627 p.
1393 3528 1564 3602 185.
1644 3528 1750 3601 ed.
1820 3525 2139 3602 Schneid.
2204 3529 2430 3602 nescio
2482 3552 2568 3601 an

321 3632 518 3706 Plato
573 3656 831 3730 quoque
881 3631 1444 3730 comprehenderit
1491 3632 1634 3725 his,
1703 3654 1870 3729 quae
1895 3631 2190 3763 scripsit
2255 3632 2326 3704 in
2387 3629 2568 3730 Epi-

325 3737 587 3810 nomide
637 3760 705 3834 p.
760 3734 939 3808 975.
990 3733 1088 3808 D.
1154 3734 1285 3811 καὶ
1335 3735 1540 3811 όσων
1590 3733 1923 3836 γραφικὴ
1972 3733 2216 3834 μήτηρ
2269 3744 2568 3811 πολλῶν

325 3839 455 3915 καὶ
504 3836 894 3914 παντοίων
959 3835 1472 3935 ποικιλμάτων
1550 3839 2172 3978 αποτελουμένων
2239 3841 2322 3916 ἐν
2386 3846 2568 3915 πολ-

330 3949 483 4028 λοῖς
533 3941 797 4041 υγροῖς
848 3941 977 4015 καὶ
1027 3946 1276 4041 ξηροῖς
1326 3942 1642 4044 γένεσιν.

532 4045 820 4118 Tractat
869 4045 1100 4119 deinde
1149 4044 1517 4119 Rochettus
1569 4068 1676 4139 ea,
1730 4068 1897 4143 quae
1944 4044 2201 4117 Plinius
2251 4040 2570 4118 XXXV.

331 4153 457 4223 40.
529 4147 612 4222 de
676 4147 925 4220 Pausia
989 4149 1321 4223 encaustis
1387 4150 1569 4223 claro
1635 4150 1873 4222 refert.
1928 4146 2207 4249 pmm't
2267 4156 2352 4218 et
2409 4145 2573 4248 ipse

325 4249 715 4350 pomo-illo
729 4249 1075 4349 parietes
1111 4252 1474 4351 ssespu's,
1527 4276 1757 4350 qwum
1784 4252 2299 4342 reficerentur
2329 4274 2573 4349 quon-

335 4355 515 4429 dam
565 4381 619 4428 α
667 4355 1101 4451 Polygnoto
1154 4355 1393 4455 picti,
1460 4354 1928 4456 multumque
1995 4353 2578 4455 consparaabme
2690 4425 2695 4435 .

338 4469 742 4560 superatus
807 4458 1303 4534 existimatur
1316 4514 1343 4556 ,
1424 4458 1789 4561 quoniam
1863 4481 2020 4534 non
2088 4482 2224 4534 suo
2286 4478 2573 4556 genere
