3275 5317
1046 497 1166 560 AD
1211 497 1654 565 GALATAS
1697 505 1805 569 ete.
2424 501 2549 570 133

315 655 510 730 Nune
580 655 691 729 ille
756 659 921 733 haee
985 661 1357 759 impeditius
1424 671 1493 735 et
1559 663 1893 737 confusius
1962 665 2345 763 disputavit:
2413 692 2544 766 quo

309 760 559 834 factum
621 768 723 833 est
784 771 859 835 ut
922 763 1229 856 iteraret,
1314 766 1485 862 quod
1541 768 1728 839 satis
1796 776 1940 840 erat
2003 770 2205 841 semel
2270 770 2540 844 dixisse.

307 860 433 935 Sic
487 863 662 935 enim
710 865 1037 963 explieat:
1092 865 1220 938 lea:
1269 867 1519 960 agriem
1569 869 1978 941 contraria
2042 881 2157 942 est
2203 872 2542 970 promis-

305 964 461 1036 sis?
514 963 748 1039 absit:
800 993 984 1040 nam
1035 968 1110 1039 si
1153 968 1344 1041 data
1397 979 1594 1043 esset
1638 971 1766 1044 lea:
1818 972 2024 1066 talis,
2080 998 2273 1071 qnae
2316 974 2543 1047 beare

303 1066 649 1140 homines
683 1082 973 1169 posset,
1027 1096 1202 1144 vere
1252 1098 1406 1172 per
1469 1074 1660 1167 legis
1726 1074 2287 1150 observantiam
2337 1101 2536 1177 pro-

304 1170 671 1273 baoeemwr
734 1173 909 1247 deoe
979 1184 1072 1247 at
1133 1177 1676 1251 concluserunt
1737 1177 1925 1250 libro*
1981 1179 2200 1252 sacro·
2254 1192 2540 1254 cuncta

302 1275 387 1346 in
427 1286 783 1373 peccato.
884 1277 1011 1350 His
1064 1281 1391 1377 quoniam,
1442 1308 1565 1379 pro
1617 1282 2083 1356 consuetudine
2146 1283 2537 1359 Iudaeorum

301 1379 545 1477 ubique
597 1382 1128 1454 memorationem
1192 1385 1451 1457 consilii
1514 1386 1883 1483 importune
1951 1386 2337 1460 adnectendi
2353 1439 2378 1481 ,
2431 1389 2543 1459 in-

300 1482 532 1554 utilem
594 1482 723 1557 hoo
787 1484 937 1557 looo
1019 1488 1405 1559 sententiam
1486 1487 1728 1561 adiecit
1793 1498 1889 1559 ut
1942 1488 2337 1586 promissa
2386 1515 2541 1589 per

280 1583 535 1675 fidem
600 1585 783 1657 Iesu
833 1585 917 1658 ιίι
946 1587 1389 1682 fidentibus
1453 1600 1642 1690 rata
1686 1590 2021 1685 fierent,
2087 1602 2359 1666 coaetus
2421 1594 2544 1666 fuit

301 1689 400 1761 sio
450 1713 754 1787 pergere,
808 1697 883 1762 ut
932 1701 1260 1788 repeteret
1323 1718 1488 1790 qnae
1554 1694 1748 1766 modo
1818 1695 2115 1788 dixerat,
2185 1697 2541 1770 scriberet-

198 1839 203 1848 ·
299 1817 466 1889 quet
508 1791 740 1890 prius
790 1803 1049 1865 autem
1102 1819 1328 1892 quam
1358 1796 1584 1889 fides
1632 1796 1951 1885 veniret,
2004 1796 2195 1891 legis
2224 1795 2634 1893 simibet-315

299 1894 589 1966 inclusi
661 1893 1274 1970 custodiebamur
1350 1898 1436 1970 in
1531 1897 1939 1971 adventum
2028 1901 2537 1998 appwz'turae

279 1997 535 2095 fidei:
606 2023 846 2096 quare
913 1999 1041 2072 lea:
1106 2001 1517 2073 educatrix·
1580 2011 1856 2073 nostra
1899 2003 2148 2097 facta
2210 2014 2363 2098 est,
2446 2014 2542 2075 ut

286 2127 436 2201 per
466 2101 735 2197 fidem
775 2102 1331 2201 proboeremur:
1383 2128 1577 2202 quae
1613 2115 2030 2203 postquam
2078 2106 2326 2201 venit,
2379 2129 2537 2179 mm

298 2206 629 2304 amplius
679 2205 1117 2279 educ-atrici
1158 2232 1412 2280 sumus
1463 2207 1804 2282 subiecti.

508 2307 885 2383 Obscurum
937 2319 1041 2384 est
1090 2311 1160 2384 in
1219 2311 1320 2383 his
1370 2312 1569 2405 illud,
1642 2314 2104 2390 συνέκλεισεν
2163 2313 2209 2409 ἡ
2277 2312 2535 2415 γραφὴ

297 2407 391 2485 τὰ
444 2409 700 2489 πάντα
752 2419 854 2497 εἰς
908 2411 1309 2514 ἁμαρτίαν.
1412 2412 1730 2512 Apertior
1779 2417 1970 2489 huius
2018 2417 2368 2490 locutionis
2417 2440 2534 2488 ra-

297 2514 387 2587 tio
455 2524 560 2589 est
624 2516 696 2588 in
763 2517 1040 2615 epistola
1103 2518 1187 2590 ad
1250 2518 1587 2591 Romanos
1653 2518 1788 2591 XI.
1861 2524 2017 2596 32.·
2072 2520 2537 2595 συνέκλεισεν

293 2618 445 2721 γὰρ
517 2618 556 2693 ὃ
628 2618 812 2704 θεὸς
875 2620 1052 2704 τοὺς
1116 2617 1407 2705 πάντας
1471 2627 1573 2705 εἷς
1642 2620 2039 2698 ἀπείθειαν
2054 2678 2080 2711 ,
2160 2626 2290 2698 ἵνα
2356 2622 2535 2711 τοὺς

294 2719 590 2806 πάντας
641 2721 915 2818 ἐλεήσῃ.
1017 2722 1116 2795 Et
1166 2724 1478 2822 cogitavit
1528 2725 1787 2822 quidem
1837 2724 2048 2798 simile
2099 2726 2253 2822 quid
2301 2726 2371 2796 in
2397 2726 2529 2796 illis

296 2850 463 2923 quae
516 2826 783 2924 scripsit
828 2826 912 2897 ad
963 2823 1279 2919 Galatas,
1347 2826 1465 2898 sed
1530 2835 1666 2901 tam
1727 2851 1961 2928 parum
2026 2829 2378 2924 explicate,
2430 2835 2528 2914 ut,

295 2928 355 3000 si
407 2927 601 3021 dixit,
658 2929 831 3026 quod
882 2929 1262 3026 quibusdam
1306 2930 1479 3000 visus
1533 2939 1672 3021 est,
1743 2931 2059 3027 scriptum
2125 2955 2271 3001 esse
2321 2931 2390 3000 in
2441 2930 2530 2999 li-

294 3031 429 3103 bris
484 3032 693 3103 sacris
748 3041 987 3104 cuncta
1037 3032 1319 3104 obnoxia
1371 3056 1515 3103 esse
1564 3041 1882 3129 peccato,
1948 3034 2360 3104 vehementer
2409 3057 2530 3103 va-

295 3135 478 3207 oillet
530 3135 668 3205 eius
737 3135 1112 3232 disputatio.
1232 3135 1558 3226 Quoniam
1623 3136 1794 3208 enim
1859 3136 2300 3208 demonstrare
2369 3134 2530 3226 vult,

294 3238 510 3333 legem
559 3237 773 3310 Mosis
824 3261 956 3310 non
1008 3262 1153 3309 esse
1219 3238 1458 3331 talem,
1517 3246 1600 3311 ut
1661 3263 1785 3339 per
1850 3239 1990 3310 eius
2055 3238 2532 3334 observantiam

296 3342 417 3413 deo
473 3341 829 3438 probentur
876 3340 1194 3432 homineS,
1247 3341 1409 3416 nihil
1457 3342 1541 3412 ad
1591 3366 1756 3434 rem,
1812 3342 1893 3433 si,
1948 3350 2023 3414 ut
2092 3342 2185 3413 ait
2251 3342 2335 3413 ad
2381 3341 2532 3414 Ro-

295 3467 525 3515 manos
577 3442 709 3515 III.
767 3448 839 3515 9.
902 3446 1019 3515 10.
1053 3447 1200 3516 23.
1255 3469 1386 3516 non
1461 3454 1740 3543 possunt
1813 3445 2105 3516 homines
2170 3469 2302 3516 non
2365 3469 2531 3541 peo-

298 3571 475 3618 oare.
531 3543 639 3618 Ao
690 3554 1037 3644 peceatum
1090 3555 1156 3619 et
1206 3555 1355 3619 ante
1405 3547 1618 3644 legem
1671 3573 1816 3620 esse
1867 3548 2010 3645 ipse
2063 3545 2412 3620 confitetur
2459 3546 2530 3617 in

287 3649 523 3721 eadem
542 3648 624 3720 ad
636 3648 970 3722 Romanos
999 3650 1275 3747 epistola
1296 3647 1385 3722 V.
1421 3655 1538 3723 13.
1567 3675 1693 3723 neo
1721 3651 1832 3748 qui
1856 3649 2112 3722 sublata
2137 3651 2283 3745 lege
2307 3648 2529 3722 Iesum

300 3759 655 3850 sequuntur
703 3753 1020 3824 immunes
1074 3761 1224 3825 sunt
1272 3755 1614 3850 peccandi.
1668 3752 1899 3851 Itaque
1921 3754 2084 3825 illud
2110 3754 2328 3851 potius
2381 3753 2530 3823 ani-

301 3880 403 3928 mo
456 3855 599 3927 eius
652 3856 1060 3928 obversatum
1110 3856 1386 3948 videtur,
1438 3882 1559 3954 per
1607 3857 1820 3953 legem
1872 3857 2130 3929 demum
2196 3856 2527 3951 cognitum

302 3982 442 4030 esse
493 3966 878 4056 peecatum:
932 3959 1003 4031 id
1054 3958 1222 4056 quod
1251 3958 1411 4031 dioit
1464 3960 1658 4032 etiam
1711 3959 1796 4030 ad
1845 3958 2179 4032 Romanos
2229 3956 2393 4030 VH.
2446 3961 2521 4031 7.

304 4062 373 4132 8.
423 4061 493 4133 in
546 4085 675 4158 qua
720 4062 998 4158 epistola
1046 4059 1178 4133 ΠΙ.
1252 4066 1369 4134 19.
1438 4087 1619 4160 seqq.
1688 4063 1827 4136 fere
1891 4063 2120 4135 eodem
2185 4061 2401 4152 modo,
2453 4066 2529 4132 ut

281 4162 430 4256 llio,
483 4164 807 4261 disputat:
862 4164 1176 4262 οἴδαμεν
1224 4161 1308 4239 δὲ
1361 4164 1478 4240 ὅτι
1541 4166 1683 4244 ὅσα
1736 4166 1776 4240 ὃ
1830 4162 2063 4264 νόμος
2129 4164 2319 4266 λέγει
2368 4170 2527 4247 τοῖς

261 4345 266 4350 ,
305 4268 381 4342 ἐν
429 4276 540 4366 τῷ
590 4262 805 4367 νόμῳ
858 4273 1082 4362 λαλεῖ,
1133 4271 1261 4343 ἵνα
1312 4278 1467 4346 πᾶν
1522 4265 1764 4367 στόμα
1811 4276 2113 4370 σφραγῇ
2163 4265 2294 4341 καὶ
2340 4262 2534 4342 5716·-

308 4366 511 4455 d‘taeog‘
553 4365 862 4473 ’γένηται
909 4379 1056 4454 πᾶς
1106 4371 1147 4446 ὃ
1203 4367 1484 4470 κόσμος
1532 4381 1642 4471 τῷ
1695 4377 1892 4469 θεῷ·
1949 4366 2148 4446 διότι
2179 4373 2255 4455 ἐξ
2285 4371 2530 4472 ἔργων

310 4468 544 4570 νόμου
595 4475 689 4549 οὗ
740 4471 1325 4571 δικαιωθήσεται
1367 4485 1586 4551 στᾶσα
1639 4474 1830 4582 σὰρξ
1874 4469 2195 4552 ἐνώπιον
2249 4474 2526 4549 αὐτοῦ·
