3275 5317
762 379 954 473 290'
1525 407 1646 469 DE
1685 406 2215 470 Evromms

765 594 947 645 more
997 592 1117 642 suo
1178 566 1428 642 indicta
1478 593 1594 641 ore
1660 570 1790 642 alio
1855 570 2152 667 proferre
2216 591 2534 667 quaerens
2598 593 2685 652 ex
2754 572 2990 670 apertis

763 673 1074 748 trimetris
1127 671 1541 746 dochmiacos
1594 672 1878 745 dictione
1931 681 1998 745 et
2045 679 2254 745 metro
2309 696 2514 769 aeque
2546 696 2785 771 pravos
2838 673 2997 746 effe-

768 778 886 868 cit,
940 776 1198 849 silentio
1263 782 1404 848 erat
1454 774 2087 872 praetermittendus·
2205 774 2437 872 Neque
2503 799 2657 849 vero
2725 777 3002 852 trimetri

765 880 865 950 illi
912 879 1079 951 tales
1128 878 1330 950 fuisse
1380 878 1700 971 videntur,
1756 878 1978 976 quales
2028 878 2316 977 Raspins
2367 879 2693 953 exhibuitz

967 1010 1497 1114 Ἱπποκράτους
1549 1013 1634 1090 δὲ
1686 1015 1949 1101 παῖδες
2017 1012 2413 1115 ἐμβόλιμοί
2458 1044 2680 1106 τινες,

972 1118 1306 1217 βληχητὰ
1354 1119 1604 1207 τέκνα,
1683 1118 2086 1217 κούδαμῶς
2134 1128 2273 1195 τοῦ
2328 1127 2467 1194 σοῦ
2517 1117 2829 1219 τρόπου.

768 1256 985 1330 Multo
1050 1257 1265 1329 minus
1334 1255 1672 1353 λοιδορία
1735 1257 1806 1329 in
1873 1254 2333 1354 Aristophanis
2402 1254 2651 1331 Cocalo
2715 1258 3003 1331 secunda

741 1360 1015 1465 ‘syllaba
1062 1359 1385 1457 producta
1435 1361 1568 1433 dici
1616 1361 1830 1458 potuit
1844 1412 1870 1452 ,
1923 1385 2047 1433 nec
2116 1360 2391 1432 debebat
2455 1386 2586 1433 non
2647 1358 3002 1458 improbari

766 1461 1092 1536 Brunckii
1138 1463 1375 1551 τέκεα,
1428 1464 1555 1536 etsi
1602 1464 1673 1535 id
1733 1464 2009 1561 praeivit
2072 1461 2135 1534 F
2135 1463 2482 1536 ntzscluus
2545 1463 2615 1534 in
2681 1464 3004 1537 disserta-

766 1566 947 1640 tione
998 1565 1078 1638 de
1126 1565 1636 1640 Daetalensibus
1700 1592 1769 1664 p.
1831 1569 2000 1646 129.
2131 1565 2370 1641 Τέκνα
2436 1566 2723 1639 scribere
2790 1566 3004 1686 potuit

765 1667 1074 1766 Eupolis,
1123 1677 1199 1742 ut
1248 1670 1630 1766 gravitatem
1679 1669 2078 1766 tragicorum
2140 1668 2544 1759 imitaretur3
2606 1694 2743 1742 uon
2791 1670 3004 1769 potuit

769 1779 985 1846 autem
1037 1771 1272 1847 τέκεα.
3005 1863 3011 1869 ,

972 1874 1084 1949 De
1150 1874 1365 1949 verbis
1432 1874 1825 1949 scholiastae
1890 1876 1977 1949 ad
2059 1829 2470 1972 Lysistratae
2534 1900 2600 1948 v-
2670 1878 2852 1949 398.
2919 1900 3002 1950 ex

769 2001 897 2076 quo
948 1986 1250 2052 octavum
1318 1978 1752 2109 fragmentum
1819 1987 1960 2073 est,
2025 1981 2349 2063 Εὔπολις
2415 1977 2498 2054 δ’
2566 1980 2650 2054 εν
2718 1976 3003 2079 Δήμοις

770 2080 872 2166 ὥς
919 2077 1268 2180 μανιώδη
1323 2065 1561 2179 αυτον
1613 2082 1835 2183 λέγει·

973 2216 1053 2294 τί
1098 2218 1490 2322 κέκραγας,
1545 2218 1781 2319 ὥςπερ
1833 2214 2230 2319 Βουζύγης
2282 2215 2822 2317 ἄδικούμενος;

770 2358 871 2431 sic
919 2357 1148 2432 scribit
1208 2355 1532 2454 Raspiusx
1599 2354 1687 2427 iu
1737 2379 1960 2428 versu
2029 2354 2429 2454 Eupolidis
2493 2354 2823 2430 minime.
2853 2388 3003 2456 μα-

767 2456 1048 2555 νιώδης
1131 2458 1419 2530 dic-itm·
1495 2457 2066 2531 Demostratus,
2209 2458 2486 2558 Itaque
2542 2459 3006 2534 'Scholiasta

770 2573 916 2635 aut
962 2561 1220 2633 omt⁶⁶saet
1272 2562 1719 2662 proximum
1784 2559 2183 2660 Eupolidis
2245 2587 2545 2637 versum
2559 2616 2585 2657 ,
2655 2561 2825 2664 quo
2857 2564 3006 2637 ah·-

768 2664 955 2767 quid
1011 2664 1537 2738 huiuscemodi
1594 2664 2132 2739 continebatur
2146 2719 2171 2760 ‚
2253 2677 2398 2739 aut
2460 2667 2693 2767 (quod
2752 2667 3006 2763 magis

768 2770 1032 2865 credo)
1085 2769 1354 2843 tribuit
1388 2758 1626 2842 Immo
1677 2768 2063 2867 Eupolide}
2118 2768 2321 2869 quod
2366 2781 2485 2843 est
2545 2770 3006 2871 Aristopha-

767 2874 913 2969 πίε,
967 2872 1105 2973 qui
1148 2873 1197 2946 l.
1252 2874 1304 2948 l.
1355 2872 1943 2945 Demostratum
2006 2872 2351 2973 appellat
2395 2872 2874 2978 Χολοζύγης,
2927 2874 3001 2950 h.

770 3003 836 3052 e.
890 2975 1276 3077 μανιωδης
1325 2974 1680 3079 Βουζύγη
1687 3006 1743 3060 ς.
1899 2975 1981 3048 Id
2042 2977 2580 3050 inconsideratius
2644 2979 3003 3054 iudicatum

769 3083 1048 3156 videtur.
1154 3079 1543 3154 credibilius
1597 3087 1723 3174 est,
1779 3079 2059 3178 aliquem
2106 3081 2177 3152 in
2226 3078 2573 3178 Eupolidis
2624 3081 2848 3155 fabula
2895 3084 3002 3155 in-

770 3208 929 3256 saue
979 3183 1371 3276 clamitasse,
1424 3192 1499 3256 ut
1545 3184 1731 3255 illa·
1708 3209 1780 3257 ιιι
1831 3208 1978 3255 eum
2028 3184 2227 3256 verba
2277 3184 2409 3257 dici
2456 3186 2812 3283 potuerint.

975 3284 1238 3357 Decimi
1302 3286 1651 3382 fragmenti
1712 3311 1938 3359 versus
1955 3338 1981 3379 ,
2060 3288 2173 3384 qui
2246 3277 2454 3360 metro
2534 3287 2748 3361 soluto
2831 3289 3004 3388 apud

773 3385 1190 3462 scholiastam
1240 3387 1514 3462 Homeri
1565 3397 1760 3486 atque
1791 3387 2209 3462 Eustathium
2255 3390 2554 3477 exstant,
2609 3415 2807 3488 quum
2858 3417 3006 3466 om·-

773 3493 928 3566 nino
977 3516 1111 3565 non
1160 3492 1350 3586 bene,
1403 3499 1540 3565 tum
1591 3518 1724 3564 nou
1774 3492 1914 3566 sine
1964 3494 2156 3566 metri
2205 3494 2361 3567 vitio
2411 3495 2483 3566 in
2531 3518 2840 3569 numeros
2888 3520 3003 3569 re-

774 3596 995 3692 digere
1047 3603 1321 3668 conatus
1373 3604 1476 3667 est
1524 3596 1838 3694 Raspius.
1957 3594 2211 3669 Eorum
2276 3597 2403 3671 duo
2453 3598 2854 3696 posteriores
2905 3597 3001 3672 sic

772 3698 1072 3772 videntur
1122 3721 1165 3769 a
1213 3706 1412 3796 poeta
1458 3699 1741 3797 profecti
1790 3722 1974 3771 esse·

1027 3832 1069 3910 ὅ
1122 3833 1268 3934 μὲν
1319 3836 1557 3969 λέγων
1606 3833 2144 3942 φεύγωμεν,
2199 3838 2239 3915 ὃ
2290 3835 2435 3937 μὲν
2486 3840 2935 3941 ἀναπτεροῖ·

1024 3970 1066 4014 ο
1119 3938 1203 4015 δ’
1258 3935 1360 4016 αὗ
1413 3940 1651 4042 λέγων
1698 3944 2174 4041 μένωμεν,
2229 3940 2270 4017 ὃ
2324 3941 2409 4017 δὲ
2461 3942 2728 4020 πείθει.

975 4075 1061 4150 Ιιι
1123 4078 1522 4177 perobscuro
1588 4079 1948 4177 fragmento
1963 4133 1990 4174 ‚
2073 4080 2248 4180 quod
2322 4081 2616 4179 quintum
2682 4080 3005 4155 decimum

625 4161 630 4166 ⁶
774 4189 901 4275 est,
954 4189 1212 4255 servato
1262 4183 1334 4255 in
1364 4179 1640 4256 Stobaei
1667 4185 1883 4282 capite
1907 4214 2075 4284 περι
2052 4183 2634 4287 βραχυλογίας,
2684 4184 3002 4259 XXXV.

772 4288 849 4356 2.
916 4284 1222 4358 adnotata
1288 4284 1546 4383 quidem
1613 4293 1719 4359 est
1743 4288 2092 4417 scriptura
2158 4288 2258 4362 ed.
2329 4288 2649 4364 Trincav.
2718 4295 2787 4363 et
2853 4287 3001 4363 cod.

772 4384 869 4459 1).
922 4411 965 4459 a
1024 4388 1237 4486 prima
1300 4412 1538 4484 mauu,
1603 4386 1876 4491 φράσω
1942 4388 2027 4467 δὲ
2093 4391 2178 4468 τὸ
2248 4398 2563 4494 προῖκα,
2632 4392 3002 4492 pariterque

2781 4624 2802 4693 l
