3275 5317
1054 490 1783 564 Tnssocm‘rEAE:
2425 501 2516 571 91
2582 585 2591 600 ,

490 654 585 732 V.
638 660 764 735 37.
812 656 954 732 Vix
1002 658 1194 734 redat
1242 659 1441 757 quiS,
1477 659 1684 735 fuisse
1734 660 1848 759 qui
1886 655 1998 736 his
2046 662 2300 758 verbis,
2370 665 2513 744 τὸν

287 760 446 860 μὰν
493 758 780 860 τρόπον
829 763 971 838 οὐκ
1021 763 1164 858 ἔχω
1215 769 1453 859 εἶπῆν,
1503 763 1633 838 1ιοο
1683 764 1819 838 dici
1864 773 2211 863 putarent,
2287 765 2513 839 mdo-

292 863 436 935 Iem
486 874 745 936 autem
796 887 1025 962 quam
1060 864 1491 964 praeclara
1554 864 1665 938 sot
1722 889 1881 940 non
1943 866 2181 941 habeo
2231 866 2514 945 docere.

289 965 369 1040 Id
412 992 549 1041 non
596 966 809 1040 solum
856 967 1019 1064 μάν
1065 969 1390 1066 particula
1438 976 1508 1042 et
1572 969 1714 1045 οὐκ
1764 973 1947 1067 ἔχω,
2015 971 2189 1070 quod
2239 971 2520 1047 debebat

290 1068 462 1146 οὐδ’
533 1072 676 1165 ἔχω
728 1070 861 1143 dici
872 1123 899 1163 ,
964 1072 1345 1170 prohibent,
1410 1072 1529 1145 sed
1591 1096 1678 1146 ex
1744 1074 1890 1172 ipso
1956 1075 2263 1148 carminis
2313 1100 2519 1174 argu-

289 1179 506 1246 mento
556 1173 793 1247 falsum
841 1198 990 1247 esse
1036 1174 1442 1272 intelligitur.
1542 1174 1795 1249 Battus
1821 1177 1933 1250 ille
1955 1177 2271 1275 languens
2295 1203 2521 1253 amore

286 1275 411 1349 hoc
463 1275 659 1348 dicit.
723 1298 974 1348 mores
1038 1286 1294 1350 motem
1346 1275 1475 1349 ταί
1514 1277 1655 1375 qui
1695 1278 1857 1351 sint
1898 1302 2057 1352 mm
2105 1279 2342 1352 habeo
2395 1279 2520 1354 do·-

288 1401 488 1452 cere.
589 1376 824 1454 Nescit
873 1379 1046 1452 enim
1092 1380 1436 1454 facilemne
1486 1405 1574 1454 an
1623 1380 1852 1484 duram
1903 1383 1992 1458 sit
2038 1383 2448 1460 inventurus.
2545 1426 2548 1428 ‡

489 1478 585 1556 V.
636 1479 1163 1555 43.Fa]1untur
1209 1484 1321 1582 qui
1370 1491 1559 1581 λᾷον
1593 1477 1834 1583 agrum
1860 1494 1928 1560 et
1969 1487 2277 1590 εὕεργον
2299 1487 2668 1563 bene1065

286 1583 537 1659 cultum
585 1581 954 1680 significare
1001 1586 1250 1659 volunt.
1352 1584 1669 1685 Segetem
1719 1589 1925 1685 dicit,
1999 1615 2166 1689 quae
2217 1616 2290 1665 se
2340 1616 2541 1672 com-x

287 1687 547 1761 modam
594 1687 981 1761 metentibus
1028 1690 1380 1789 praebeat,
1431 1691 1652 1764 aristis
1702 1692 1790 1766 ad
1836 1716 2063 1793 parem
2112 1694 2523 1820 altitudinem
2642 1721 2646 1726 ’

287 1790 553 1864 adulfis.

489 1888 588 1965 V.
640 1892 766 1966 48.
816 1889 887 1965 N
887 1914 973 1965 on
1017 1891 1240 2024 placet
1285 1867 1619 1989 vulgatum
1649 1899 1863 1975 σῖτον
1891 1897 2305 1984 αλοιῶντας
2335 1896 2524 1998 φεῦ-
2670 1947 2675 1954 -

298 2020 458 2097 γειν
521 1993 612 2071 τὸ
678 1988 1209 2094 μεσαμβρινὸν
1258 1992 1542 2084 ὕπνον,
1610 1998 1799 2095 quia,
1852 1999 1913 2072 si
1960 1999 2206 2078 ὕπνον
2252 2002 2525 2099 legitur,

292 2096 516 2172 durius
569 2104 673 2171 est
718 2096 805 2173 τὸ
857 2096 1387 2198 μεσαμβρινὸν
1434 2096 1722 2190 ὕπνον,
1772 2103 1947 2199 quod
1995 2103 2096 2178 sic
2143 2101 2334 2177 malis
2381 2104 2524 2182 τὸν

290 2199 815 2332 μεσαμβρινὸν
880 2201 1176 2279 ῧπινον
1168 2203 1465 2276 dictum.
1600 2203 1822 2296 Quum
1901 2207 2165 2279 codices
2228 2200 2525 2281 nonnulli

292 2333 551 2483 ἵξέγει
599 2312 668 2378 et
715 2302 952 2390 ὕπνος
1000 2305 1307 2401 habeant,
1339 2306 1694 2381 venustior
1742 2306 1870 2382 erit
1912 2309 2123 2384 oratio
2164 2310 2266 2412 sic
2293 2335 2525 2418 emen-

497 2564 584 2637 0⁸
575 2588 715 2637 τον
766 2559 1183 2647 αλοιῶντας
1231 2555 1500 2665 φεύγοι
1546 2560 1635 2638 τὸ
1687 2521 2219 2666 μεσαμβρινὸν
2268 2566 2525 2651 υπνος.

495 2710 591 2787 V.
647 2715 773 2789 50.
827 2713 960 2806 Qui
1008 2737 1312 2788 versuum
1358 2714 1568 2812 perite
1618 2716 2102 2791 condendorum
2124 2743 2336 2817 neque
2384 2718 2532 2819 ipse

298 2817 561 2913 ignarus
591 2817 704 2911 sit,
755 2840 967 2914 neque
1008 2817 1307 2914 ignarum
1348 2818 1553 2890 fuisse
1597 2817 2035 2910 Theocritum
2062 2822 2288 2895 credat
2299 2873 2327 2916 ,
2392 2845 2531 2896 non

300 2919 614 2993 dubitabit
664 2920 821 3018 quin
867 2920 979 2992 ille
1026 2944 1164 2992 non
1214 2921 1591 3019 ἄρχεσθαι
1644 2922 2024 3021 οἷμῶντες,
2091 2933 2168 2997 ut
2214 2925 2287 2995 in
2335 2923 2563 3004 codi-,

299 3023 480 3096 cibus
531 3023 796 3119 legitur,
847 3047 1084 3121 neque,
1135 3030 1212 3095 ut
1262 3031 1629 3097 correctum
1679 3049 1722 3095 a
1772 3026 2155 3122 quibusdam
2205 3034 2333 3122 est,
2383 3028 2535 3128 ἄρ-

294 3129 573 3222 χεσθαι
620 3125 702 3201 δ’
757 3127 1141 3225 οἷμῶντας,
1191 3125 1310 3199 sed
1359 3126 1460 3200 sic
1509 3126 1885 3227 scripserit.

503 3280 815 3381 ἄρχεσθ’
868 3274 1268 3378 αμώοντας
1318 3279 1759 3382 ἐγειρομένου
1809 3278 2273 3381 κορυδαλλοῖ.

301 3431 556 3505 Inserto
606 3429 693 3508 δὲ
742 3456 877 3505 ιιοιι
925 3457 1090 3529 opus
1103 3483 1131 3526 ,
1195 3432 1349 3530 quia
1412 3431 1671 3530 singula
1731 3434 2009 3509 disticha
2071 3460 2194 3535 per
2239 3458 2314 3510 se
2363 3459 2532 3511 con-

305 3542 501 3630 stant,
552 3560 765 3634 neque
815 3535 993 3608 aliud
1043 3560 1194 3609 cum
1243 3535 1372 3610 alio
1426 3536 1800 3611 cohaerent.

505 3635 601 3712 V.
655 3640 780 3712 53.
832 3637 988 3712 Non
1037 3638 1314 3711 multum
1376 3639 1715 3713 tribuerim
1760 3640 1891 3730 ‘uni
1936 3640 2076 3735 illi,
2139 3638 2300 3715 licet
2358 3641 2532 3715 bono

305 3740 545 3834 codici,
598 3742 711 3841 qui
758 3740 846 3817 τὸ
899 3742 1122 3831 πιεῖν,
1175 3741 1415 3816 omisso
1466 3742 1629 3836 τὸν,
1684 3744 1859 3841 quod
1906 3743 1979 3816 in
2020 3745 2298 3818 caeteris
2346 3744 2533 3817 libris

307 3852 453 3918 ante
503 3844 670 3919 haec
724 3845 916 3919 verba
965 3853 1122 3938 est,
1144 3844 1362 3921 habet.
1428 3843 1573 3919 Sed
1619 3853 1840 3920 tamen
1885 3847 2038 3921 inde
2089 3847 2329 3921 coniici
2374 3847 2533 3921 licet

310 3948 443 4025 τὸν
491 3947 723 4022 πιέειν
773 3952 1151 4051 ἐγχεῦντα.

510 4047 602 4123 V.
657 4051 782 4125 54.
832 4049 1016 4125 Nihil
1065 4051 1194 4125 hoc
1243 4075 1437 4124 versu
1486 4051 1567 4125 de
1616 4050 1898 4127 lentibus
1930 4076 2132 4151 parce
2161 4050 2329 4124 datis
2365 4075 2531 4124 con·

310 4153 572 4246 tinetur,
624 4155 742 4227 sed
791 4155 920 4229 hoc
969 4154 1164 4227 dicit·
1217 4178 1391 4248 age,
1445 4178 1681 4227 avare
1730 4154 2002 4247 villice,
2069 4176 2302 4251 coque
2370 4152 2535 4225 len-

314 4264 448 4329 teS.
548 4253 910 4331 Avaritiam
973 4258 1252 4358 prodere
1301 4255 1569 4356 fingitur
1615 4259 1870 4333 villicus
1933 4282 2013 4331 eo
2030 4310 2057 4350 ,
2127 4255 2302 4355 quod
2383 4279 2535 4332 sero

318 4358 526 4537 οἱθίἰιιιὶιι
572 4362 879 4461 praebet.
942 4386 1144 4463 parce
1192 4385 1277 4438 ne
1338 4361 1688 4461 praebeat,
1754 4370 2065 4461 sequente
2126 4385 2320 4436 versu
2384 4385 2535 4437 mo-

320 4485 364 4533 ιι
