3275 5317
713 480 844 549 318
1092 480 1527 544 LATINAE
1570 479 2553 547 INTERPRETATIONIS

912 644 1318 745 precatione,
1369 651 1445 717 ut
1494 643 1838 743 capellaQ
1879 644 1950 716 in
2001 668 2117 717 ara

711 747 861 821 225
916 755 1203 822 statuere
1251 748 1549 846 protinus
1601 748 2135 846 comprehensam
2186 776 2193 782 ”

912 851 1125 973 peplis
1176 875 1483 924 cernuam
1533 851 1929 943 obvolutam,
1980 859 2174 951 atque
2222 877 2440 927 sonos

912 956 983 1026 in
1035 979 1149 1027 ore
1198 954 1430 1051 pulcro
1480 954 1732 1027 resides
1776 962 2002 1028 tencre

915 1055 1058 1131 dira
1107 1056 1296 1132 domo
1344 1065 1720 1161 precanteS,

912 1271 1095 1337 muta
1141 1288 1478 1363 repressos
1529 1263 1966 1362 capistrorum
2014 1289 2165 1363 ope.
2701 1275 2842 1336 etr.
2874 1265 2944 1337 5.

715 1371 865 1441 230
919 1364 1246 1464 Crocique
1294 1368 1484 1440 fucos
1534 1366 1716 1439 humi
1765 1368 2162 1467 profundens
2333 1389 2337 1391 ’

914 1478 1180 1568 spectus
1235 1470 1511 1544 dolentis
1564 1472 1806 1567 sagitta

911 1597 1138 1647 omnes
1186 1574 1450 1672 petebat
1496 1574 1934 1670 immolantes,

914 1675 1180 1797 decora,
1229 1677 1448 1774 pictae
1497 1677 1569 1748 in
1617 1677 1906 1773 modum,
1956 1675 2203 1777 alloqui
2252 1676 2502 1771 volens,

913 1779 1016 1851 sni
1064 1780 1135 1850 in
1185 1779 1400 1878 patris
1441 1803 1642 1878 saepe
1694 1789 1859 1882 quos
2420 1823 2427 1828 -

712 1881 858 1955 225
913 1882 1104 1955 domo
1154 1882 1461 1980 hospitali
1512 1884 1735 1956 videre
1786 1889 2044 1956 suerat.

912 1986 1030 2058 sed
1081 2010 1195 2058 ore
1247 1994 1436 2060 casto
1482 1987 1646 2058 nihil
1695 2010 2123 2087 conquerens,

908 2113 1035 2162 nec
1084 2089 1300 2183 ferox,
1354 2089 1459 2161 sui
1952 2129 1957 2140 ι

908 2191 1117 2291 patris
1166 2201 1318 2266 vota
1367 2192 1564 2266 tertia

912 2302 1282 2394 sortemque
1330 2296 1442 2394 pie
1491 2294 1775 2371 colebat.

708 2503 860 2573 240
909 2497 1257 2572 Postrema
1304 2521 1439 2569 non
1486 2496 1618 2568 vidi
1671 2520 1794 2593 ego
1845 2505 1962 2571 ant
2012 2499 2315 2596 eloquar:
2681 2512 2846 2577 ant.
2876 2502 2940 2573 5.

909 2600 1027 2674 sed
1076 2599 1255 2673 dicta
1306 2598 1685 2673 Calchantis
1736 2599 1912 2673 haud
1958 2599 2238 2695 caduca,
2290 2610 2359 2677 et

910 2705 1085 2777 iusta
1135 2704 1294 2776 'deus
1342 2704 1489 2799 lege
1537 2704 1753 2800 passis

912 2808 1103 2881 affert
1152 2807 1493 2880 scientiam
1541 2806 1769 2880 futuri.

914 2908 1058 2985 Sed
1107 2919 1258 2983 ante
1309 2934 1505 2983 nosse
1559 2910 1820 2982 exitura
1868 2909 1957 2983 sit
2003 2911 2275 3008 procul:

712 3018 859 3092 245
912 3014 982 3087 id
1034 3022 1183 3086 ante
1232 3014 1391 3087 flere
1443 3021 1545 3086 est
1596 3014 1807 3085 enim.

911 3126 1141 3216 aperta
1190 3117 1292 3189 sol
1342 3125 1523 3190 ortus
1572 3117 1715 3214 ipse
1764 3115 2022 3215 prodet.

911 3219 1056 3294 Sed
1107 3220 1352 3292 exitum
1406 3228 1640 3317 coepta
1689 3227 1965 3318 pergant
2013 3220 2207 3294 modo
2258 3220 2339 3292 ad

907 3346 1335 3441 prosperum,
1366 3321 1531 3395 haec
1581 3322 1682 3395 uti

912 3426 1097 3523 cupit
1145 3424 1446 3524 proxima
1494 3422 1657 3522 Apii

708 3529 859 3603 250
908 3554 1085 3605 nnnc
1135 3529 1277 3603 sola
1328 3529 1630 3604 columna
1677 3528 1886 3626 regni.

1781 3834 1879 3910 11.

709 3985 1304 4110 ΕνΜΕΝωνΜ
1342 3986 1880 4067 PROLOGVS
1925 3989 2066 4064 ET
2109 3990 2482 4068 PRIMAE
2526 3979 2937 4076 scENAE.

1601 4192 2042 4292 Pythias.

913 4344 1204 4419 Primam
1253 4347 1522 4421 deorum
1569 4348 1697 4421 hac
1745 4350 1977 4423 invoco
2031 4348 2315 4424 Terram
2361 4378 2584 4452 prece,

917 4448 1246 4545 primaeva
1295 4459 1476 4527 vates
1526 4476 1697 4551 qnae
1748 4452 1924 4527 cluet
1972 4454 2389 4529 mortalibus·
