3275 5317
1044 1416 1846 1512 Ianannls
1915 1414 2649 1514 Exsuovlls

779 1602 1322 1694 HENRICI
1385 1600 2092 1697 GVILLELMI
2169 1601 2894 1708 BRANDESII.

722 2020 1136 2155 Exsequias
1184 2056 1531 2131 indicimus
1546 2109 1574 2150 ,
1627 2054 1865 2149 Cives,
1932 2057 2157 2154 quales
2207 2055 2537 2128 rarissime
2587 2054 2750 2129 vidit
2797 2056 2977 2129 haec·

725 2157 1135 2235 Vniversitas
1211 2169 1438 2234 nostra
1451 2212 1478 2254 ,
1542 2184 1666 2233 nos
1718 2168 1936 2232 autem
1990 2159 2240 2232 visuros
2292 2183 2440 2233 esse
2488 2183 2615 2232 nee
2676 2161 2963 2258 putaba-

725 2289 870 2337 mus
885 2315 912 2357 ,
991 2288 1117 2337 nec
1182 2265 1512 2361 potuimus
1574 2272 1836 2361 putare.
1954 2260 2224 2336 Scimus
2272 2262 2462 2335 nasei
2509 2286 2631 2335 nos
2680 2262 2964 2335 moritu-

725 2392 863 2460 ros,
912 2366 1361 2465 incertumque
1413 2391 1598 2458 esse,
1652 2391 1845 2463 quam
1894 2365 2162 2460 longum
2212 2365 2448 2463 cuique
2516 2389 2782 2438 cursum
2829 2365 2967 2438 fata

728 2469 1233 2542 destinaverintx
1287 2468 1404 2541 sed
1454 2468 1761 2565 quoniam
1809 2467 1980 2539 hanc
2046 2491 2192 2540 esse
2257 2476 2532 2540 naturae
2593 2468 2808 2565 legem
2863 2468 2965 2540 vi-

729 2572 983 2664 demus,
1033 2579 1109 2643 ut
1157 2579 1315 2645 nata
1364 2570 1768 2663 adolescant,
1820 2569 2044 2642 adulta
2093 2570 2396 2667 vigeant,
2464 2594 2631 2668 quae
2697 2571 2967 2667 viguere

727 2683 1097 2768 senescant,
1150 2698 1318 2773 quae
1369 2697 1768 2747 consenuere
1815 2673 2177 2766 intereant,
2230 2673 2450 2747 securi
2496 2672 2755 2745 fidimus
2805 2698 2967 2772 spe-

727 2786 951 2852 rantes
1001 2778 1083 2851 de
1134 2778 1241 2850 die
1290 2778 1362 2849 in
1427 2777 1638 2870 diem,
1721 2801 1848 2849 nec
1915 2775 2241 2849 eredimus
2312 2783 2728 2870 eventurum,
2795 2776 2970 2873 quod

729 2890 962 2957 eontra
1010 2889 1392 2955 consuetum
1443 2888 1511 2954 et
1557 2880 1919 2977 legitimum
1969 2879 2261 2951 ordinem
2288 2886 2599 2972 naturae,
2650 2887 2728 2952 ut
2776 2880 2967 2952 nobis

732 2985 992 3084 quidem
1041 2986 1323 3078 videtur,
1375 2984 1643 3058 accidit.
1745 2981 1920 3057 Nam
1962 3006 2159 3079 quum
2206 2982 2351 3079 quis
2396 2989 2692 3055 extrema
2733 2982 2806 3055 in
2853 3007 2970 3055 se-
3066 2997 3077 3004 ’

730 3095 995 3162 neotute
1047 3089 1133 3160 ad
1182 3112 1327 3160 eam
1389 3088 1688 3185 pervenit
1749 3094 2027 3178 metam,
2099 3109 2265 3182 quae
2331 3084 2648 3158 terminus
2711 3084 2970 3159 vivendi

731 3199 834 3264 est
884 3190 1263 3282 constituta,
1316 3190 1621 3287 aequiore
1672 3191 1744 3262 id
1793 3189 2009 3261 animo
2055 3187 2323 3260 ferimus
2339 3240 2364 3281 ,
2435 3211 2562 3260 nec
2614 3189 2970 3286 conqueri-

730 3316 879 3365 mur
901 3291 1379 3385 ,crudelitatem
1429 3293 1648 3378 omnia
1695 3290 2072 3390 perimentis
2138 3290 2591 3384 necessitatis,
2671 3292 2792 3364 sed
2841 3291 2972 3364 ad-

692 3395 1042 3490 *miramur
1089 3395 1306 3491 potius
1357 3395 1611 3467 divinae
1677 3396 1912 3468 mentis
1978 3394 2360 3491 sapientiam
2373 3444 2399 3488 ,
2464 3394 2596 3467 alia
2644 3394 2970 3514 deinceps

733 3506 929 3596 atque
978 3498 1110 3571 alia
1158 3497 1244 3570 ad
1291 3496 1465 3571 vitae
1530 3499 2017 3571 successionem
2083 3498 2416 3570 vocantis:
2482 3495 2746 3594 gravius
2809 3522 2970 3571 vero

736 3601 1085 3697 affligimur
1133 3601 1433 3699 iustoque
1483 3601 1873 3699 corripimur
1938 3601 2161 3674 dolore
2175 3653 2201 3693 ,
2268 3624 2466 3698 quum
2528 3600 2815 3674 medium
2864 3601 2972 3673 vi-

735 3712 845 3776 tae
896 3729 1159 3776 cursum
1207 3704 1545 3803 repentina
1593 3704 1694 3777 vis
1743 3704 1972 3777 mortis
2032 3703 2453 3801 intercipiens
2504 3708 2572 3776 et
2620 3703 2811 3776 nobis
2862 3703 2973 3776 af-

602 3897 608 3904 ·
735 3807 867 3880 fert
913 3806 1324 3880 immaturam
1375 3807 1754 3900 orbitatem,
1809 3814 1877 3881 et
1926 3808 2308 3880 morientem
2371 3807 2581 3904 cogit
2584 3806 2971 3904 relinquere

737 3934 842 4003 ea,
895 3910 1127 4008 quibus
1178 3936 1252 3984 se
1312 3909 1662 3984 fruiturum
1725 3911 1868 3984 iure
1932 3935 2053 3984 suo
2091 3908 2452 4007 sperabat.
2568 3905 2653 3981 Id
2699 3932 2824 3982 nos
2875 3911 2974 3984 ita

736 4014 1062 4087 cumulate
1079 4065 1104 4106 ,
1168 4021 1245 4087 ut
1306 4014 1515 4110 magis
1579 4039 1712 4086 non
1775 4015 2214 4113 potuerimus,
2293 4010 2549 4110 experti
2611 4036 2837 4085 sumus
2894 4013 2973 4084 «in

737 4117 993 4213 collega
1040 4125 1289 4211 nostro,
1344 4118 1453 4190 cui
1474 4118 1632 4189 iam
1682 4141 2054 4215 supremum
2117 4140 2339 4188 sumus
2402 4115 2714 4188 honorem
2778 4115 2974 4188 habi-

738 4220 894 4291 turi.
1024 4218 1197 4293 Nam
1247 4221 1376 4293 vir
1410 4221 1675 4318 ingenio
1691 4273 1717 4313 ,
1795 4220 2128 4312 doctrina,
2209 4218 2569 4292 eruditione
2641 4219 2969 4318 egregius,

739 4320 874 4391 vita
920 4322 1199 4419 integer,
1251 4324 1539 4396 moribus
1575 4325 1751 4421 piuS,
1802 4324 2038 4416 iustuS,
2090 4322 2358 4420 probuS,
2412 4345 2683 4419 aequus,
2735 4321 2972 4393 huma-

741 4447 891 4516 nuS,
944 4427 1174 4518 comis,
1226 4427 1530 4523 coniugio
1579 4427 1931 4523 liberisque
1981 4426 2242 4524 optimis
2291 4425 2491 4519 felix,
2542 4424 2968 4522 collegarum,
