3275 5317
720 479 811 547 54
932 479 935 482 “
1214 481 1337 545 DE
1376 479 2441 547 INTERPOLATIONIBVS

721 642 968 718 habens
1019 641 1241 718 dicere
1291 642 1570 744 ὁμοίως
1619 642 1708 721 δὲ
1756 644 1887 721 καὶ
1932 644 2075 742 τὴν
2120 641 2439 721 Ἰλιάδας
2489 641 2573 718 do
2620 641 2739 717 illa
2786 639 2967 717 enim

722 747 934 844 magis
983 746 1354 844 ambiguum
1405 756 1508 822 est
1553 748 1893 822 iudicium.
1956 746 2280 823 Similiter
2325 745 2708 822 Nitzschius
2734 742 2967 842 Odys·

623 915 627 919 .
724 874 930 945 seam,
983 850 1157 949 quod
1205 851 1277 924 in
1327 876 1409 924 ea
1456 852 1676 925 omnia
1723 852 1969 951 optime
2038 851 2390 927 cohaerere
2454 851 2797 943 videntur,
2846 857 2967 923 to·-

722 962 861 1027 tam
910 953 992 1026 ab
1042 954 1190 1051 ipso
1254 963 1453 1055 poeta
1514 956 1613 1029 sic
1626 1006 1653 1048 ,
1719 964 1796 1028 ut
1844 980 2020 1030 nunc
2087 963 2229 1047 est,
2298 954 2702 1052 designatam
2766 959 2966 1051 atque

722 1056 1119 1154 descriptam
1167 1081 1315 1131 esse
1362 1057 1698 1154 iudicavit,
1762 1060 1996 1157 paucis
2042 1059 2336 1159 partibus
2374 1057 2703 1155 «exceptis
2718 1107 2746 1150 ‚
2799 1077 2965 1154 quas

722 1159 868 1258 ipse
914 1167 988 1233 et
1035 1162 1341 1235 concedit
1384 1162 1805 1260 interpositas
1855 1187 2027 1258 esse,
2080 1170 2150 1237 et
2181 1161 2716 1260 interpolationes
2766 1182 2994 1233 mon-1

723 1262 978 1336 stravit.
1081 1260 1192 1338 Ac
1242 1272 1426 1338 tanta
1471 1265 1584 1355 ille
1634 1274 1777 1340 arte
1825 1274 2089 1365 tamque
2137 1264 2502 1362 admirabili
2550 1262 2850 1337 acumine
2879 1261 2968 1335 de

721 1366 1093 1441 inventione
1159 1364 1500 1465 Odysseae
1561 1369 1633 1441 in
1717 1369 2043 1468 principio
2123 1367 2397 1442 secundi
2475 1366 2968 1440 adnotationum

722 1470 1069 1544 voluminis
1133 1470 1526 1568 disputavit,
1606 1479 1684 1547 ut
1732 1473 2049 1548 lectorem
2114 1472 2218 1547 vel
2282 1471 2556 1544 invitum
2623 1468 2711 1542 ad
2774 1491 2966 1541 suam
3109 1561 3114 1566 ι

721 1572 937 1671 possit
985 1574 1374 1646 sententiam
1423 1576 1838 1673 pertrahere..
1934 1573 2080 1650 Sed
2128 1584 2348 1649 tamen
2398 1574 2459 1647 si
2488 1573 2634 1673 quis
2665 1595 2747 1646 ea
2794 1596 2967 1645 con-

722 1675 966 1749 stantia
1042 1676 1208 1769 erit,
1285 1684 1363 1750 ιιι
1411 1678 1696 1751 animum
1773 1678 1856 1752 ab
1922 1678 2289 1777 improvida
2337 1677 2738 1751 assensione
2770 1674 2966 1748 cohi·-

719 1779 916 1872 beat,
968 1780 1029 1851 is
1080 1804 1211 1852 non
1260 1771 1523 1878 inepte,
1573 1790 1653 1856 ut
1701 1802 1833 1879 ego
1874 1781 2179 1874 arbitror,
2229 1780 2358 1854 hoc
2385 1879 2386 1882 Ἴ
2410 1785 2736 1884 opponet,
2790 1777 2969 1876 quod
3107 1827 3117 1832 -
3261 1829 3262 1872 y

718 1878 1104 1956 Nitzschius
1156 1907 1414 1982 quoque
1464 1885 1546 1957 ab
1595 1886 1899 1984 opinione
1927 1885 2224 1959 videatur
2253 1890 2320 1957 et
2350 1884 2731 1957 coniectura
2755 1878 2970 1979 profi-

721 1985 911 2059 cisci.
1013 1985 1098 2059 Id
1143 1985 1214 2059 in
1264 1986 1494 2086 primis
1545 1989 1976 2088 conspicuum
2026 1996 2128 2063 est
2174 1988 2248 2064 in
2299 2011 2379 2061 eo
2394 2038 2421 2080 ,
2489 1984 2663 2084 quod
2710 2008 2780 2082 p.
2832 1986 2966 2058 43.

614 2093 631 2110 ‘
721 2088 908 2181 dicit,
959 2089 1237 2188 primam
1283 2099 1539 2188 partem
1593 2090 1971 2189 Odysseae,
2012 2095 2210 2188 'quae
2276 2089 2358 2164 de
2426 2089 2696 2162 ahsente
2758 2086 2966 2160 Vlixe

721 2190 835 2285 sit,
889 2198 1095 2264 totam
1143 2216 1233 2265 ex
1281 2217 1508 2265 earum
1556 2219 1778 2267 rerum
1827 2189 2203 2268 narratione
2265 2192 2551 2292 pendere
2566 2243 2593 2285 ,
2662 2214 2829 2289 quae
2880 2189 2968 2263 ad

721 2302 1157 2369 revertentem
1211 2303 1280 2369 et
1327 2320 1680 2394 procorum
1729 2298 2129 2372 temeritates
2180 2296 2616 2369 vindicantem
2666 2294 2967 2392 pertine-

722 2404 893 2470 rent.
1000 2397 1263 2496 Quippe
1310 2398 1472 2473 licet
1504 2424 1675 2474 'rem
1737 2392 2061 2474 invertere
2075 2451 2102 2493 ,
2152 2400 2558 2500 primamque
2622 2395 2967 2493 Odysseae

708 2499 1243 2601 designationem
1307 2501 1379 2574 in
1445 2503 1588 2576 solo
1654 2527 1901 2602 ponere
1981 2503 2198 2576 reditu
2267 2501 2492 2576 Vlixis
2557 2508 2627 2574 et
2688 2500 2967 2573 interfe-

721 2601 942 2678 ctione
991 2628 1368 2702 procorum.
1468 2604 1677 2704 quue
1726 2606 1887 2681 fecit
1909 2602 2330 2680 Aristoteles
2381 2604 2598 2702 capite
2648 2606 2767 2678 17.
2819 2600 2967 2676 Ρο-

723 2706 928 2781 stulat
976 2706 1359 2786 Nitzschius
1407 2708 1478 2781 in
1527 2709 1935 2808 praefatione
1998 2709 2116 2782 illa
2180 2732 2375 2808 quam
2436 2706 2577 2779 dixi
2590 2757 2616 2799 ,
2674 2713 2798 2794 ut,
2851 2704 2967 2803 qui

724 2831 1050 2909 perparva
1100 2810 1228 2884 duo
1278 2809 1575 2885 Homeri*
1629 2820 1938 2911 poemata
1984 2812 2323 2913 paullatim
2387 2810 2471 2883 ab
2536 2809 2684 2882 aliis
2748 2808 2965 2909 poetis

372 2920 463 2995 ab
472 2913 506 3008 s
677 2903 833 3033 ὂψ
862 2913 1032 2987 hanc
1080 2912 1310 2987 Iliadis
1362 2907 1558 3014 atque
1610 2914 1953 3014 Odysseae
2003 2914 2510 3013 magnitudinem
2571 2919 2769 2986 aucta
2817 2936 2966 2987 esse

289 3037 293 3042 ·
458 3029 467 3054 ³
720 3024 933 3116 putet,
985 3018 1291 3091 ostendat
1340 3015 1666 3115 quomodo
1732 3026 2125 3117 comparata,
2159 3018 2278 3090 illa
2343 3017 2473 3090 duo
2537 3039 2743 3115 parva
2806 3038 2967 3089 car·-

722 3121 900 3193 mina
946 3120 1213 3193 fuerint.
1317 3121 1497 3212 Quid
1543 3122 1771 3218 igitur,
1824 3124 1894 3196 si,
1937 3123 2082 3220 quis
2109 3121 2453 3213 coniiciat,
2504 3120 2787 3218 primum
2836 3142 2966 3191 au-

722 3230 973 3296 ctorem
1026 3219 1367 3318 Odysseae
1416 3224 1541 3316 sic,
1593 3231 1672 3296 ut
1717 3224 1933 3321 ipsum
1996 3222 2316 3322 poematis
2384 3222 2725 3297 exordium
2783 3221 2966 3294 indi-

724 3348 881 3399 care
929 3324 1210 3416 videtur,
1262 3322 1532 3397 Vlixem
1582 3326 1804 3398 statim
1855 3325 1937 3398 ab
1986 3326 2203 3397 insula
2250 3324 2367 3397 illa
2381 3376 2407 3418 ,
2473 3326 2545 3397 in
2618 3348 2749 3422 qua
2812 3347 2966 3398 eum

727 3426 1040 3526 Calypso*
1063 3426 1427 3521 retinebat,
1479 3434 1668 3501 recta
1716 3426 2013 3501 Ithacam
2063 3428 2437 3520 deduxisse,
2487 3428 2707 3526 ibique
2772 3444 2966 3501 men-

726 3532 861 3606 dici
907 3530 1157 3623 habitu,
1211 3553 1405 3628 quum
1457 3531 1629 3603 forte
1678 3532 2100 3630 propositum
2150 3539 2327 3604 esset
2389 3530 2553 3603 illud
2603 3537 2964 3624 certamen,

727 3635 916 3708 cuius
965 3633 1178 3707 victor
1224 3631 1622 3731 Penelopam
1676 3658 1950 3708 uxorem
1999 3633 2359 3733 acciperet,
2412 3657 2573 3708 arcu
2628 3658 2749 3708 suo
2796 3657 2964 3734 pro-

728 3761 845 3811 cos
894 3736 1319 3834 perimentem
1366 3736 1606 3809 fecisse
1624 3730 1664 3810 Ρ
1770 3735 2176 3811 Crediderim
2243 3761 2366 3835 ego
2433 3736 2730 3834 quidem,
2800 3758 2965 3811 cae·-

729 3848 898 3934 tera,
951 3863 1118 3938 quae
1167 3853 1369 3938 nunc',
1423 3862 1551 3937 quo
1600 3840 1718 3913 illa
1742 3839 2001 3936 fierent,
2054 3840 2390 3939 aptissime
2416 3841 2682 3928 inventa
2729 3839 2965 3914 viden-

729 3953 862 4036 tur,
913 3966 1048 4014 non
1096 3942 1334 4035 minus,
1389 3941 1449 4013 si
1497 3941 1614 4013 illa
1660 3944 1845 4041 prius
1896 3944 2268 4036 exstabant,
2317 3944 2416 4017 ita
2461 3950 2538 4016 ut
2583 3939 2760 4017 nunc
2809 3954 2965 4019 sunt

726 4045 887 4144 fingi
937 4045 1262 4137 debuisse,
1314 4050 1390 4115 ut
1439 4054 1876 4139 congruerent
1926 4070 2077 4120 cum
2125 4046 2257 4117 illis
2273 4097 2301 4140 ,
2366 4068 2578 4145 neque
2626 4068 2965 4145 repugna·
3028 4059 3033 4063 ’

728 4157 898 4223 rent.
1001 4146 1098 4223 Et
1147 4146 1206 4221 si
1256 4146 1402 4244 quis
1452 4154 1652 4243 neget
1720 4146 2108 4222 Telemachi
2156 4148 2322 4229 iters
2344 4149 2432 4223 ad
2491 4146 2846 4223 Nestorem
2895 4158 2967 4224 et

728 4249 1103 4327 Menelaum
1151 4250 1355 4323 fuisse
1403 4248 1475 4320 iu
1525 4251 1979 4350 antiquissima
2030 4250 2372 4348 Odyssea,
2423 4275 2511 4326 an
2558 4275 2691 4328 non
2737 4252 2966 4350 licebit

729 4355 791 4427 ei
851 4354 921 4425 id
986 4363 1209 4453 aperte
1291 4355 1609 4426 testatum
1676 4355 2069 4430 contendere
2130 4353 2327 4456 primi
2390 4356 2541 4436 libri
2604 4379 2812 4456 usque
2876 4357 2965 4430 ad

728 4482 791 4530 v.
848 4457 972 4531 87.
1026 4465 1094 4532 et
1134 4454 1350 4556 quinti
1404 4451 1758 4556 exordiis?
1841 4456 2018 4535 -Aut
2081 4456 2140 4533 si
2207 4460 2354 4561 quis
2418 4467 2724 4555 censeat,
2766 4483 2962 4561 xquae

2121 4787 2163 4812 st
