3275 5317
740 424 873 494 302
1620 425 1854 497 QVID
1896 423 2053 489 SIT

742 599 987 663 strema
1033 587 1232 661 verba
1281 585 1617 681 adiecerit,
1671 612 1757 661 an
1807 589 2002 687 culpa
2035 587 2214 663 sitin
2253 586 2581 680 librarios,
2637 588 2751 686 qui
2775 588 2965 663 etiam

741 694 813 765 in
850 694 944 764 -iis
996 716 1162 788 quae
1215 699 1572 789 sequuntur
1621 691 1864 790 aliquid
1914 692 2215 785 omisere,
2269 690 2686 764 conferenda.

936 793 1299 891 Ὗποβολὴ
1366 794 1565 891 igitur
1628 819 1824 893 quum
1906 796 2239 892 quaeritur
2312 795 2470 893 quid
2533 795 2658 886 sit,
2737 794 2975 866 mirum

743 906 867 990 est,
922 898 1095 994 qnod
1143 895 1547 990 Boeckhius‚
1601 913 1798 996 quum
1847 906 2101 971 rectam
2149 905 2325 970 esset
2391 898 2560 970 viam
2609 898 2974 992 ingressus,

740 1025 1000 1073 rursum
1049 1024 1194 1073 eam
1247 1000 1555 1072 deseruit.
1658 997 2090 1073 Verissimum
2142 1008 2244 1073 est
2293 1000 2465 1073 enim
2478 1053 2503 1094 ‚
2557 1000 2735 1099 quod
2784 1000 2973 1093 dicit,

743 1107 820 1189 ἐξ
871 1104 1246 1201 ὑποβολῆς
1295 1101 1570 1178 ὃιϊὲναι
1645 1131 1722 1177 τι
1798 1108 1943 1176 esse
2020 1102 2315 1202 aliquid
2387 1102 2644 1174 dicere
2722 1102 2976 1175 altero

724 1216 1159 1307 praeeunte
1210 1205 1475 1278 verba:
1539 1207 1632 1277 in·
1664 1230 1856 1303 qnam
1905 1231 2044 1279 rem
2094 1208 2284 1280 affert
2332 1205 2706 1280 Polemonis
2755 1207 2979 1280 locum

742 1311 915 1409 apud
962 1310 1374 1384 Macrobium
1426 1307 1577 1383 Sat.
1630 1308 1723 1382 V.
1785 1315 1903 1382 19.
1956 1310 2069 1408 qni
2119 1310 2199 1383 de
2249 1310 2611 1383 iurantibus
2661 1333 2785 1406 per
2834 1307 2979 1381 Pa-

740 1414 906 1487 licos
959 1414 1255 1511 scripsit:
1312 1412 1351 1487 6
1404 1410 1488 1488 ὃὲ
1541 1410 1996 1511 ὃρκούμενος
2044 1456 2152 1467 -
2201 1418 2277 1499 ἐξ
2326 1410 2704 1512 ὑποβολῆς
2755 1409 2978 1488 δίεισι

738 1516 879 1594 τὸν
930 1517 1159 1615 ὅρκον
1212 1516 1612 1614 (exemplum
1676 1516 1821 1588 vide
1871 1516 2045 1614 apud
2093 1513 2601 1614 Aristophanem
2650 1513 2720 1586 in
2768 1511 2979 1611 Lysi-

743 1627 951 1693 strata
999 1643 1040 1692 a
1089 1646 1153 1692 v.
1210 1623 1383 1692 212.
1387 1620 1461 1713 );
1542 1626 1610 1691 et
1679 1616 1995 1691 Isocratis
2062 1619 2133 1690 ιιι
2184 1618 2673 1692 Panathenaico
2727 1643 2792 1692 c.
2850 1623 2975 1691 91.

742 1724 880 1796 sive
934 1731 996 1811 §.
1054 1725 1230 1796 231.
1285 1722 1378 1797 οὗ
1419 1717 1813 1852 πρότερον
1850 1718 2318 1822 ἐπαυσάμην,
2369 1722 2551 1820 πρὶν
2592 1721 2977 1818 ὑπεβαλον

739 1857 851 1925 τῳ
900 1825 1117 1902 παιδὶ
1165 1825 1304 1900 τὸν
1354 1820 1640 1928 λόγον.
1720 1822 1820 1897 At
1882 1826 2085 1899 multo
2151 1826 2221 1899 id
2285 1825 2659 1898 melioribus
2729 1823 2977 1897 confir-

740 1930 908 2002 mari
956 1930 1330 2003 auctoribus
1380 1936 1622 2026 potest,
1673 1928 1747 2001 ιιι
1793 1929 2002 2025 iisque
2051 1928 2340 2002 Homero
2354 1980 2379 2020 ,
2433 1954 2561 2026 quo
2617 1952 2772 1999 usus
2825 1928 2978 2026 qui-

742 2034 891 2105 dem
940 2041 1043 2106 est
1090 2031 1504 2124 Boeckhius,
1545 2031 1665 2105 sed
1712 2039 1788 2104 ut
1836 2032 1985 2104 illos
2036 2032 2533 2105 scholiastarum
2567 2041 2975 2129 sequeretur,

741 2137 855 2234 qui
920 2135 1089 2208 male
1155 2136 1355 2208 verba
1418 2143 1656 2256 poetae
1722 2143 1874 2208 sunt
1934 2135 2372 2234 interpretati.
2470 2131 2847 2232 Sapienter
2897 2159 2973 2207 eo

740 2240 821 2311 de
871 2239 1020 2313 loco
1020 2291 1074 2360 .-'
1129 2239 1240 2335 qui
1292 2245 1394 2312 est
1457 2238 1528 2310 in
1591 2236 1800 2310 XIX.
1867 2236 2130 2332 Iliadis,
2212 2238 2612 2310 indicaverat
2672 2233 2977 2309 Aristar-

740 2342 929 2435 chus,
983 2343 1121 2414 sive
1171 2343 1465 2413 inserens
1514 2341 1654 2433 ille,
1708 2341 1845 2413 sive
1896 2348 2084 2413 tuens
2135 2364 2395 2414 versum
2444 2344 2493 2414 7
2498 2341 2572 2414 7
2624 2364 2754 2436 quo
2781 2337 2977 2437 Aga-

699 2453 708 2460 “
742 2469 995 2516 memno
1049 2444 1406 2516 orationem
1456 2443 1763 2515 hahuisse
1815 2443 2055 2512 dicitnr

948 2590 1286 2672 αὐτόθεν
1338 2598 1414 2678 ἐξ
1466 2592 1711 2692 ἕδρης,
1779 2592 1956 2669 οὐδ’
2027 2596 2129 2670 ἐν
2173 2596 2561 2694 μέσσοισιν
2611 2593 2975 2690 ἀναστάς,

739 2750 853 2850 qni
901 2773 1128 2823 versus
1143 2800 1169 2843 ,
1248 2747 1588 2820 damnatus
1664 2746 1745 2818 ah
1813 2746 1998 2842 aliis,
2081 2746 2277 2848 plane
2353 2749 2767 2824 necessarius
2848 2757 2973 2825 est.

741 2851 867 2928 Sic
917 2854 1089 2929 enim
1137 2851 1425 2950 loquitur
1473 2847 1925 2947 Agamemno·

949 3002 1012 3083 ὦ
1067 3004 1311 3138 φίλοι,
1363 3003 1597 3102 ἥρωες
1648 3001 1966 3098 Δαναοί,
1993 2999 2537 3135 θεράποντες’
2538 3005 2832 3106 Ἀρηος,

947 3106 1298 3193 ἑσταότος
1347 3105 1490 3208 μὲν
1540 3106 1775 3184 καλὸν
1825 3103 2151 3201 ἀκούειν,
2205 3105 2381 3184 οὐδὲ
2435 3110 2670 3187 εὀικεν

947 3207 1396 3309 ὑββάλλειν
1443 3210 1776 3307 χαλεπὸν
1811 3208 1989 3340 γάρ,
2043 3208 2538 3308 ἐπιστάμενον
2561 3241 2698 3313 περ
2727 3212 2973 3292 ἐόντα.

955 3313 1269 3413 ἀνδρῶν
1319 3312 1402 3389 δ’
1457 3318 1545 3388 ἐν
1589 3322 1840 3413 πολλῷ
1892 3311 2163 3415 ὃαοίὸῳ
2213 3324 2374 3400 πῶς
2400 3316 2529 3394 κέν
2578 3345 2693 3401 τις
2745 3317 2974 3396 οἰκού-

1967 3442 2118 3507 σαι,

946 3519 995 3616 ἢ
1049 3523 1280 3611 εἴποις
1329 3495 1702 3620 βλαβεται
1752 3516 1837 3596 δε
1890 3518 2099 3653 λιγύς
2148 3551 2284 3622 περ
2337 3519 2484 3598 ἔων
2529 3521 2922 3625 ἀγορητής.

948 3621 1286 3720 Πηλείδῃ
1336 3621 1480 3722 μὲν
1532 3621 1728 3725 ἓγων
1780 3623 2233 3725 ενὸείξομαι·
2261 3623 2533 3757 αὕταηρ
2589 3628 2661 3702 οἱ
2714 3629 2927 3705 ἄλλοι

953 3724 1324 3804 σύνθεσθ’
1370 3728 1730 3836 Ἀργεῖοι,
1780 3726 2050 3827 μῦθόν
2098 3729 2160 3805 τ’
2214 3724 2298 3804 εὖ
2348 3737 2590 3832 γνῶτε
2642 3731 2971 3818 ἕκαστος.

745 3873 1038 3955 Vulnere
1103 3887 1409 3979 gravatus
1486 3878 1892 3979 Agamemno
1973 3891 2278 3981 oportere
2355 3883 2611 3981 quidem
2678 3885 2843 3960 dicit
2903 3912 2975 3962 se

748 3993 1028 4059 stantem
1076 3986 1274 4059 verha
1321 3985 1539 4057 facere
1553 4036 1580 4078 ,
1648 4009 1775 4058 nec
1834 3985 2144 4059 decorum
2208 4010 2352 4058 esse
2418 4010 2773 4083 suggerere
2836 3990 2975 4085 alii,

749 4114 915 4187 quae
964 4089 1024 4161 is
1088 4112 1208 4187 pro
1273 4112 1345 4160 se
1413 4087 1624 4162 dicat:
1696 4090 1869 4209 quod
1912 4087 2194 4162 difficile
2261 4088 2459 4162 etiam
2520 4090 2735 4187 perito
2787 4117 2974 4167 esse.

746 4193 863 4264 sed
911 4192 980 4263 in
1030 4200 1211 4265 tanto
1262 4198 1481 4264 tamen
1531 4192 1866 4265 concionis
1918 4192 2241 4290 strepitu,
2268 4192 2339 4262 in
2390 4217 2516 4288 quo
2582 4193 2696 4265 vix
2765 4196 2976 4268 audiri

589 4301 636 4360 ,ι’
746 4301 968 4366 orator
1013 4295 1248 4393 possit,
1300 4290 1549 4368 Achilli
1600 4319 1673 4367 se
1725 4294 2091 4387 dicturum,
2163 4318 2329 4393 quae
2394 4295 2455 4367 is
2522 4294 2756 4370 deinde
2825 4322 2974 4372 cnm

749 4391 1032 4470 Graecis
1095 4397 1551 4473 communicet.
1668 4396 1966 4472 Pessime
2029 4398 2099 4472 ιιι
2161 4398 2222 4471 is
2291 4387 2713 4493 scholiastes,
2780 4424 2972 4499 quem
