3275 5317
1044 503 1575 567 PoE'rARVM
1607 512 1718 570 etc
2385 468 2511 572 197

390 674 395 681 “
480 693 735 765 ωριαι
749 661 1169 749 παιάνιὸες·
1225 667 1379 742 ἕντι
1428 664 1510 743 δ’
1538 668 2108 754 ἕπαντὲλλοντος
2156 670 2505 747 εὐκίσσου

1500 771 1884 870 στέφανον

476 875 559 947 ἔκ
607 868 1112 972 διθυράμβου
1162 868 1608 971 μαιόμεναι·
1678 876 1765 950 τὸ
1837 873 1922 951 δε
1988 876 2341 972 κοιμίσαν
2392 908 2510 952 τε-

1486 974 1883 1080 τράζυγον
1932 981 2114 1055 θεαὶ

476 1077 710 1162 κᾶδος
761 1080 956 1154 υἱῶν
1010 1075 1292 1176 σώματ’
1348 1079 1929 1180 οἷποφθιμὲνων,

374 1181 420 1253 5
475 1183 528 1256 ἃ
578 1180 724 1279 μὲν
777 1182 1053 1278 ἅχὲταν
1104 1182 1356 1258 Λίνον
1408 1187 1700 1262 αιλινον
1749 1186 1995 1284 ὕμνει,

707 1282 1126 1472 οξζναιον,
1180 1287 1274 1361 ὃν
1326 1288 1410 1361 ἐν
1458 1285 1768 1390 γάμοισι
1812 1286 2355 1388 χρονιζόμενον

466 1384 703 1486 βρότε
896 1389 1038 1465 ἶοὸν
1089 1388 1404 1491 φθέγμα
1459 1391 1603 1467 σὺν
1656 1390 1977 1490 πρώτοις
2030 1391 2263 1492 λάβεν

477 1488 812 1589 ἐσχάτοις
864 1495 945 1567 19²
998 1491 1389 1592 ὕμνοισιν,
1445 1493 1493 1569 ἃ
1550 1495 1636 1570 δ’
1683 1494 2068 1594 Ιάλεμον,
2137 1494 2509 1595 ὥιιοβόλω

1310 1594 1562 1697 νούσιο
1613 1599 2048 1678 πεὸαθέντα
2102 1601 2375 1684 σθένος
2426 1602 2506 1674 θ’

474 1697 648 1775 υἱὸν
705 1695 1064 1801 Οἰάγρου.

273 1802 504 1895 Sunt,
556 1803 790 1905 inquit,
841 1801 1195 1874 Latonae
1259 1802 1675 1877 &berorum
1712 1831 2060 1904 paeama
2122 1827 2257 1877 suo
2327 1815 2511 1877 tem-

253 1928 453 2003 pore
489 1905 925 2002 praeconia
937 1932 973 1995 ,·
1023 1916 1227 1999 sunt,
1282 1932 1477 2004 quae
1530 1908 1828 1981 oriente
1881 1934 1980 1982 ea·
2021 1907 2506 2003 dithyrambo

266 2007 599 2081 hederae
633 2030 1001 2081 eoronam
1052 2021 1482 2107 quaerunt;
1514 2013 1920 2110 sanusque
1954 2011 2503 2109 quadriiugum

254 2123 834 2209 peremptorum
919 2135 1252 2211 corpora
1325 2114 1691 2202 filiorum
1787 2115 2118 2188 condens
2198 2115 2510 2208 Musae,

266 2214 432 2287 alia
462 2214 745 2287 Limam
787 2214 1039 2287 aeliae
1083 2215 1434 2311 canebat,
1488 2218 1653 2291 alva
1682 2218 2236 2339 Hymenaeum,
2289 2243 2509 2316 quem

158 2310 165 2322 ⁰
265 2318 347 2390 in
393 2316 696 2416 nuptiis
747 2318 1149 2391 tardatum
1210 2344 1406 2414 gens
1472 2322 1828 2393 mortalis
1884 2321 2140 2421 primo
2192 2332 2509 2420 postre-

267 2443 535 2519 moque
585 2421 671 2493 in
722 2422 962 2494 cantu
1029 2425 1294 2516 vocat,
1364 2423 1528 2496 alia
1577 2424 1958 2498 Ialemum
1972 2478 1997 2518 ‚
2068 2424 2507 2523 crudelaeque

266 2524 524 2597 morbo·
583 2535 803 2597 tactu
863 2525 1203 2599 membra
1267 2477 1582 2624 eaptum
1620 2528 1893 2617 filium
1964 2526 2281 2622 Oeagri.
2361 2526 2510 2602 Sic

267 2630 430 2702 haec
507 2630 861 2719 concinunt
929 2656 1080 2703 cum
1148 2631 1565 2704 adnotatione
1631 2632 2026 2706 scholiastae
2042 2685 2067 2726 ,
2133 2633 2243 2730 qui
2311 2656 2508 2730 quum

267 2732 367 2805 his
419 2714 697 2804 Pindari
747 2734 1039 2805 versibus
1108 2733 1416 2805 ialemum
1480 2734 1812 2808 inventum
1879 2760 2026 2807 esse
2096 2743 2376 2807 testetur
2438 2735 2508 2806 in

266 2836 582 2947 honorem
631 2833 862 2907 Ialemi
878 2888 903 2928 ‚
980 2832 1312 2933 Apollinis
1377 2844 1447 2909 et
1514 2834 1853 2935 Calliopae
1902 2835 2059 2928 filii,
2125 2837 2391 2933 collegit
2438 2837 2507 2908 1(1

270 2965 353 3012 ex
398 2963 507 3031 eo,
563 2938 735 3036 quod
767 2939 996 3010 eadem
1038 2939 1240 3010 Musa
1276 2964 1424 3011 cum
1450 2937 1699 3010 Ialemo
1733 2937 2074 3036 Orpheum
2113 2963 2367 3036 quoque
2394 2939 2504 3010 lu-
2637 2972 2639 2977 >

270 3043 449 3115 xisse
467 3041 731 3133 dicitur,
760 3064 952 3138 quem
977 3066 1199 3114 omnes
1227 3065 1312 3113 ex
1340 3040 1640 3138 calliopa
1663 3049 1887 3115 natum
1902 3042 2329 3115 tradiderunt.
2362 3039 2508 3115 Or-

267 3146 420 3244 phei
474 3168 674 3242 quam
721 3144 977 3217 fabulae
1028 3144 1323 3217 ferebant
1375 3144 1704 3219 crudelem
1755 3154 2029 3217 mortem
2080 3153 2276 3242 poeta
2325 3170 2507 3217 more

271 3272 387 3343 suo
444 3246 790 3320 humanius
841 3256 945 3320 est
983 3249 1472 3345 interpretatus·
1575 3245 1741 3320 Inde
1791 3244 2252 3376 AsclepiadeS,
2307 3249 2366 3320 si
2392 3272 2509 3320 re·-

272 3361 375 3426 cte
428 3351 832 3424 coniecimus
882 3375 1120 3448 supra.
1173 3352 1264 3425 οὐ
1315 3349 1472 3448 μὴν
1519 3347 1820 3426 τοιοῦτό
1873 3382 1958 3455 γε
2010 3349 2290 3439 πάθος,
2345 3351 2508 3428 οἷον

273 3452 574 3558 λέγουσί
620 3481 841 3541 τινες,
895 3455 1132 3529 αὐτοῦ
1182 3455 1564 3556 γενέσθαι.

477 3553 750 3655 Optime
814 3556 884 3627 hi
948 3581 1173 3630 versus
1242 3558 1634 3631 conveniunt
1696 3557 1883 3630 initio
1949 3558 2198 3630 threni·
2273 3581 2509 3654 quam-

268 3685 467 3760 quam
518 3660 716 3732 etiam
764 3660 834 3729 111
884 3659 1097 3733 medio
1151 3660 1439 3732 carmine
1490 3660 1574 3733 ad
1624 3661 1816 3732 aliam
1848 3669 2102 3795 partem
2147 3661 2510 3757 argumenti

270 3762 758 3861 transgrediens
823 3751 989 3836 haec
1042 3763 1327 3836 scribere
1378 3764 1594 3863 potuit
1660 3763 2092 3837 Pindarus,
2130 3762 2212 3838 Id
2264 3765 2510 3837 dictum

270 3867 418 3943 volo
470 3874 846 3965 propterea,
900 3866 1112 3964 quod,
1181 3867 1241 3938 si
1289 3867 1417 3939 hoc
1483 3874 1586 3938 est
1635 3867 2050 3964 principium-
2092 3867 2343 3959 threni,
2396 3867 2507 3937 in·-

272 3979 528 4044 certum
602 3978 743 4062 est,
809 3977 1027 4042 utrum
1093 3969 1351 4065 longius
1416 3967 1739 4097 producta
1800 3969 2000 4043 fuerit
2064 3971 2330 4067 stropha
2344 4021 2369 4061 ‚
2423 3993 2510 4040 au
2643 4070 2648 4074 ὁ

274 4072 682 4172 antistropha
730 4071 832 4145 his
884 4073 1122 4165 verbiS,
1175 4071 1348 4149 υἱὸν
1408 4068 1745 4176 Οἰάγρου
1762 4126 1788 4167 ,
1840 4073 2200 4172 inceperit3
2267 4073 2370 4143 sin
2423 4097 2505 4143 ex

276 4177 489 4249 medio
541 4175 829 4249 carmine
881 4177 1122 4274 sumpti
1173 4185 1325 4249 sunt
1373 4176 1441 4247 hi
1490 4201 1739 4269 versus,
1792 4201 1924 4251 non
1951 4174 2328 4249 incredibile
2382 4184 2508 4268 est,

278 4288 465 4354 sexto
531 4302 724 4353 versu
785 4279 890 4352 vel
954 4280 1284 4376 stropham
1350 4278 1454 4352 vel
1533 4280 1809 4377 epodum
1894 4279 2148 4376 cepisse
2226 4278 2507 4351 initium.

280 4381 648 4481 Diligenter
698 4382 869 4465 enim
920 4382 1274 4456 cavendum
1327 4390 1452 4476 est,
1505 4407 1588 4475 ne
1638 4382 2075 4454 huiusmodi
2053 4407 2125 4453 ιιι
2174 4382 2509 4479 fragmen-

283 4485 362 4558 tis
409 4494 659 4560 temere
711 4486 855 4584 quis
876 4483 881 4487 ’
906 4493 973 4558 et
1010 4482 1504 4560 ‘inconsiderate
1555 4485 1969 4585 stropharum
2032 4510 2105 4558 se
2172 4485 2334 4559 fines
2402 4493 2510 4557 at·-
