3275 5317
745 476 878 547 mo
1368 477 1491 540 DE
1531 473 1921 539 FABVLA.
1961 474 2357 558 ‘roc-an

749 640 1039 718 Coniicit
1084 647 1304 714 tamen
1352 635 1794 713 Neuldrchius
1862 637 2310 713 temulentia
2382 639 2490 712 vel
2537 638 2948 718 vinolentia.

748 743 847 819 At
909 745 1106 819 etiam
1172 745 1231 816 si
1293 744 1363 815 id
1431 752 1650 842 aptam
1717 746 2104 818 sententiam
2167 743 2440 841 praebet
2454 795 2481 836 ‚
2556 752 2770 817 tamen
2836 772 2953 821 non

747 850 960 923 miuus
1010 848 1266 921 laborat
1314 871 1517 945 prava
1583 849 2030 922 contractione
2099 848 2511 943 syllabarum.
2629 846 2958 923 Praeterea

748 953 921 1026 ictus
971 951 1140 1023 male
1195 950 1272 1026 in
1321 950 1679 1022 mulieres
1728 951 2021 1024 ultimam
2070 951 2291 1044 acuit,
2355 975 2481 1023 nec
2530 948 2724 1022 milei
2733 1005 2762 1044 ,
2807 954 2959 1050 quod

749 1054 926 1162 apud
973 1053 1263 1127 Nonium
1328 1061 1480 1138 ante
1540 1053 1899 1126 mulieres
1964 1055 2250 1153 positum
2318 1062 2421 1127 est
2435 1105 2460 1146 ,
2537 1055 2762 1127 ultima
2806 1063 2960 1154 '‘pot-

752 1166 856 1231 est
918 1156 1244 1255 producta
1321 1182 1492 1231 esse.
1619 1156 1951 1231 Videntur
2019 1158 2104 1232 ad
2184 1158 2545 1231 sententiae
2609 1159 2847 1255 pariter
2904 1167 2963 1231 et

739 1261 837 1334 ad
899 1261 1093 1334 metri
1141 1261 1580 1359 integritatem
1660 1269 1797 1334 tres
1864 1262 2148 1358 syllabae
2215 1261 2482 1355 deesse,
2563 1262 2790 1359 quibus
2861 1285 2962 1335 re-

749 1364 995 1438 stitutis
1045 1364 1218 1437 ultro
1270 1390 1346 1439 se
1394 1365 1673 1439 offerunt
1723 1366 1951 1464 optimi
1999 1365 2264 1437 iambici
2314 1365 2702 1461 asynartetiz
2944 1380 2951 1389 ·

1570 1519 1797 1615 qua'm
1851 1516 2120 1588 beatae
2171 1514 2518 1588 scenicae
2571 1515 2910 1590 videntur

1007 1617 1205 1693 mmo·
1259 1618 1617 1693 mu'lo’eres
1631 1672 1656 1709 ,
1739 1646 1934 1722 quae
2000 1619 2260 1715 turgio
2329 1629 2412 1692 et
2472 1618 2966 1696 benevolentia

1013 1793 1018 1798 .
1980 1726 2217 1823 ae'que
2818 1751 2822 1756 ·

1007 1824 1409 1898 deterrent
1455 1823 1796 1899 desubito
1848 1826 2079 1901 viros.

750 1976 1028 2052 Femina
1103 2002 1270 2077 quae
1345 1980 1634 2079 loquitur
1707 1979 1935 2054 beatas
2012 1980 2354 2078 praedicat
2413 1978 2721 2053 mulieres
2771 1979 2969 2053 sceni-

752 2103 913 2175 cas,
968 2106 1134 2180 quae
1201 2083 1394 2157 modo
1468 2084 1683 2181 iurgio
1733 2084 1927 2158 modo
1993 2084 2324 2156 blanditiis
2387 2084 2662 2157 maritos
2729 2107 2768 2156 a
2827 2097 2971 2182 pro-

750 2185 966 2284 posito
1044 2186 1409 2279 abducant,
1492 2187 1669 2285 quod
1731 2187 1863 2261 sibi
1926 2188 2101 2288 apud
2178 2212 2368 2259 suum
2433 2187 2648 2260 virum
2708 2211 2834 2261 nen
2888 2188 2972 2259 ita

753 2288 1136 2362 succedere.
2590 2319 2599 2327 ·

957 2388 1222 2464 Nonum
1273 2391 1707 2487 fragmentum
1756 2385 1854 2465 ita
1902 2391 2259 2491 scriptum:
2375 2430 2383 2437 ·

903 2617 907 2622 ,
993 2539 1188 2647 post
1226 2565 1721 2645 *narraveroz
1805 2544 2013 2617 nanc
2080 2543 2461 2616 distentus
2530 2546 2828 2619 amincus
2868 2552 2977 2616 ‘est

1982 2646 2340 2744 negotiis-

1003 2769 1253 2851 porro
1308 2752 1567 2826 au'tem
1601 2770 1975 2851 propero-

751 2900 1017 2979 Primus
1073 2931 1294 2979 versus
1362 2904 1422 2978 si
1485 2905 1860 2978 trochaicus
1928 2911 2144 2998 esset,
2212 2903 2413 2978 scribi
2477 2904 2746 2979 deberet
2803 2927 2975 2976 nar-

753 3029 973 3082 raro.
1075 3007 1248 3081 Nam
1300 3009 1369 3080 in
1419 3030 1850 3080 narravero
1921 3016 1989 3081 et
2041 3007 2339 3105 dactylus‘
2386 3018 2452 3081 et
2505 3008 2851 3106 correptio·
2879 3005 2975 3077 ul·

754 3110 952 3183 timae
1003 3112 1241 3185 vitiosa
1292 3121 1470 3185 sunt.
1570 3111 1833 3184 Deinde
1885 3113 2210 3203 secundus
2278 3136 2531 3209 quoque
2600 3137 2822 3209 versus
2869 3133 2975 3208 pro

753 3213 1091 3286 trochaico
1158 3214 1491 3286 habendus
1564 3222 1780 3308 esset,
1849 3216 2022 3313 quod
2062 3215 2350 3313 ‘quidem
2415 3216 2575 3286 ferri
2614 3222 2878 3313 posset,
2927 3211 2978 3283 si
3076 3281 3081 3287 .

755 3315 1147 3412 sequebatur
1208 3325 1362 3414 post
1397 3339 1743 3417 propero
1809 3318 2195 3392 vocabulum
2268 3342 2308 3390 a
2373 3318 2586 3391 vocali
2638 3318 2977 3415 'incipiens-

756 3414 1008 3490 Verum
1075 3421 1251 3518 apud
1329 3419 1619 3520 Nonium
1704 3421 2019 3518 scriptum
2082 3422 2373 3494 videmus
2441 3431 2553 3492 est
2621 3420 2977 3492 distentus

758 3520 1086 3616 animus,
1142 3524 1315 3621 quod
1364 3524 1727 3596 iamborum
1777 3523 2085 3597 indicium
2118 3533 2267 3597 est.
2324 3525 2520 3616 Quod
2551 3521 2975 3597 Neukirchius

758 3623 945 3716 dicit,
977 3650 1278 3745 parum
1330 3624 1897 3722 accommodati
1940 3637 2125 3699 sunt
2172 3649 2430 3699 versus
2482 3626 2801 3699 iambici
2840 3624 2975 3698 tri-

677 3741 680 3744 ’
756 3736 1009 3820 metro,
1061 3728 1199 3801 ubi
1243 3729 1520 3829 aliquis
1541 3739 1546 3742 ’
1571 3756 1745 3803 cum
1812 3730 2061 3803 animi
2086 3728 2687 3832 perturbatione
2732 3727 2982 3829 ‘loqui-2

758 3838 918 3924 tur,
969 3830 1106 3924 hic,
1160 3834 1282 3906 etsi
1330 3859 1451 3932 per
1500 3858 1573 3907 se
1622 3860 1849 3908 verum
1900 3843 2023 3928 est,
2076 3860 2209 3908 non
2256 3835 2453 3908 habet
2493 3836 2735 3908 locum.
2836 3825 2976 3906 Nori

757 3935 930 4008 enim
983 3944 1343 4013 commotus
1394 3938 1611 4012 animo
1663 3950 1729 4013 et
1778 3940 2195 4038 perturbatus
2257 3949 2358 4012 est
2408 3939 2475 4010 is
2519 3939 2633 4035 qui
2681 3937 2973 4036 loquitur,

756 4038 877 4111 sed
929 4048 1318 4138 occupatus,
1373 4049 1449 4114 ut
1497 4042 1582 4114 ad
1628 4043 2018 4116 manendum
2068 4067 2201 4115 non
2247 4042 2486 4114 babeat
2513 4042 2739 4116 otium.
2791 4038 2940 4113 Scri

753 4140 1071 4213 bendumz
1684 4161 1689 4164 “
2460 4217 2463 4220 ,
2620 4157 2633 4172 ”

1963 4256 2157 4350 post
2200 4248 2669 4352 narraverat

1015 4370 1223 4420 nunc
1275 4350 1394 4420 est
1439 4347 1817 4421 distentus
1868 4349 2197 4436 animus,
2221 4373 2430 4424 meus
2480 4346 2830 4448 negotiis,

1003 4470 1251 4547 porro
1305 4452 1562 4523 au'tem
1598 4474 1967 4552 propero.
2088 4500 2094 4506 -
