3275 5317
728 480 857 548 166
1048 431 1076 502 ‘-
1383 477 1509 540 DE
1548 472 2294 540 ΕΡιειιιΑιιιιΑΤιε

732 637 1339 738 deprehendissent·
1404 644 1756 760 praeterea
1819 642 2036 712 autem
2100 634 2277 713 baud
2325 657 2478 708 raro
2526 656 2696 731 quae
2745 651 2951 708 vacua

730 745 903 816 inter
949 743 1204 820 litteras
1256 742 1494 841 spatia,
1563 761 1995 837 versuumque
2059 737 2172 859 qui
2235 735 2401 815 fines
2466 755 2711 835 quaeve
2771 735 2957 812 initia

735 852 954 920 essent
1005 844 1318 920 adnotare
1366 844 1831 941 neglexerunt·
1883 848 1984 932 ut,
2036 842 2113 913 si
2144 839 2277 915 dno
2325 840 2431 913 vel
2478 848 2617 913 tres
2668 840 2959 914 eamdem

731 948 1225 1045 inscriptionem
1275 948 1356 1024 de
1405 947 1622 1046 lapide
1668 944 2175 1042 descripserunt,
2226 966 2396 1042 quae
2422 943 2793 1024 certissima
2817 966 2961 1047 esse

736 1051 1181 1143 crederentur,
1233 1051 1293 1124 si
1343 1052 1423 1132 ab
1474 1071 1605 1124 nno
1658 1047 2055 1145 descriptam
2101 1046 2487 1124 haberemus
2501 1097 2527 1139 ‚
2591 1035 2962 1126 incertissi-

733 1179 843 1227 ma
889 1152 1051 1228 fiant
1098 1178 1219 1252 per
1282 1153 1750 1230 dissensionem
1810 1151 2116 1249 plurium.
2234 1148 2568 1242 Quocirca
2634 1172 2836 1246 quum
2897 1148 2967 1222 in

733 1257 1064 1356 plerisque
1113 1256 1670 1355 inscriptionibus,
1725 1254 2029 1351 quoniam
2075 1254 2259 1351 ipsos
2285 1252 2559 1372 lapides
2623 1251 2965 1348 adspicere

736 1385 868 1433 non
917 1360 1101 1452 licet,
1155 1385 1242 1433 ex
1291 1359 1420 1431 fide
1470 1359 1739 1432 testium
1784 1355 2202 1430 iudicandum
2250 1352 2362 1447 sit,
2416 1355 2561 1452 quis
2613 1354 2968 1430 emendan-

738 1463 806 1534 di
852 1462 1132 1555 veniam,
1185 1463 1326 1534 sine
1378 1485 1506 1558 qua
1557 1459 1908 1557 explicatio
1958 1481 2156 1558 saepe
2222 1458 2402 1532 nulla
2469 1457 2746 1530 inveniri
2809 1464 2968 1554 pot-

739 1572 866 1658 est,
933 1588 1066 1636 non
1139 1564 1460 1637 concedat
1505 1561 1851 1658 interpreti
1865 1611 1891 1653 ,
1960 1561 2153 1633 modo
2217 1560 2329 1634 ille
2394 1584 2479 1632 ne
2543 1568 2788 1632 temere
2805 1611 2832 1651 ,
2884 1585 2970 1634 ne

735 1666 1240 1758 inconsiderate,
1290 1690 1375 1738 ne
1426 1664 1624 1738 stulte
1676 1662 2027 1736 coniectet.
2155 1658 2253 1736 Et
2303 1662 2385 1736 ab
2438 1686 2681 1754 errore¹
2709 1662 2972 1759 quidem

733 1770 807 1841 in
857 1769 1284 1842 coniectando
1334 1792 1525 1841 nemo
1578 1791 1652 1839 se
1693 1766 1888 1864 plane
1936 1765 2285 1837 immunem
2334 1772 2668 1863 praestare
2714 1772 2969 1862 potesta

737 1895 963 1944 verum
1027 1895 1249 1946 errare
1311 1895 1444 1944 non
1505 1877 1698 1967 turpe
1762 1877 1903 1961 est,
1970 1868 2090 1941 sed
2150 1868 2430 1965 turpiter
2492 1891 2738 1944 errare.
2839 1865 2976 1944 Est

736 1974 807 2047 id
856 1981 1076 2050 autem
1125 1998 1346 2047 errare
1397 1980 1512 2047 aut
1565 1971 1934 2069 ignorantia
1975 1994 2198 2046 earum
2245 1994 2489 2062 rerum,
2541 1994 2702 2068 quas
2750 1970 2975 2050 omni-

737 2078 859 2149 bus
922 2084 1113 2154 notas
1166 2101 1311 2150 esse
1363 2077 1590 2165 decet3
1645 2082 1758 2147 aut
1805 2074 2070 2148 levitate
2119 2098 2224 2167 ea,
2292 2096 2458 2170 quae
2506 2072 2702 2152 facile
2751 2081 2978 2172 potest

738 2179 939 2252 animi
985 2180 1344 2255 attentione
1393 2179 1623 2267 vitari3
1677 2184 1792 2250 aut
1815 2177 2265 2273 incogitantia,
2314 2199 2482 2273 quae
2534 2176 2796 2252 omnino
2848 2177 2978 2252 ab·

741 2306 886 2355 esse
937 2306 979 2353 a
1028 2283 1260 2356 studiis
1325 2282 1688 2356 litterarum
1756 2279 1984 2369 debet3
2038 2287 2153 2353 aut
2214 2278 2639 2377 perversitate
2700 2279 2935 2374 iudicii
2948 2331 2978 2373 ,

742 2408 936 2480 quam
985 2385 1258 2457 rationis
1326 2408 1453 2458 usu
1500 2407 1742 2457 arcere-
1799 2382 2029 2458 didicit
2076 2407 2259 2455 mens
2309 2406 2445 2459 non
2505 2382 2778 2478 ignava3
2859 2390 2980 2462 ant

677 2479 706 2498 ”
742 2486 1018 2583 denique
1072 2486 1503 2572 obstinatione
1553 2485 1904 2582 opinionis,
1957 2509 2087 2582 qua
2136 2485 2561 2566 constrictum
2610 2485 2822 2564 teneri
2870 2486 2980 2566 vel

738 2588 998 2688 ineptae
1038 2588 1341 2662 vanitatis
1391 2588 1496 2662 vel
1541 2588 1744 2668 animi
1792 2594 1895 2661 est
1942 2611 2255 2686 perquam
2304 2587 2549 2686 pusilli.

945 2690 1216 2768 Initium
1261 2692 1503 2768 faciam
1551 2691 1863 2766 tentanda
1909 2691 2058 2789 ipsa
2105 2691 2260 2784 illa,
2324 2690 2515 2764 cuius
2580 2690 2983 2771 mentionem

740 2793 899 2889 feei,
950 2792 1373 2893 inscriptione
1425 2793 1758 2889 Crissaea,
1810 2817 2005 2893 quam
2050 2794 2296 2870 Rosius
2346 2794 2607 2889 negavit
2672 2794 2983 2890 explica·-

702 2897 944 2973 5bilem
995 2923 1179 2972 esse·
1157 2946 1178 2971 .
1232 2900 1334 2972 sic
1386 2907 1603 2976 autem
1654 2923 1801 2972 eam
1850 2897 2050 2990 scribi
2099 2921 2234 2970 non
2282 2920 2504 2994 posse,
2569 2903 2644 2972 nt
2710 2894 2982 2995 Corpo-

743 3001 837 3082 ris
887 3001 1383 3099 inscriptionum
1435 3002 1670 3075 editori
1720 3002 1993 3100 placuit,
2045 3000 2206 3074 licet
2250 3000 2364 3074 ille
2411 2999 2650 3074 iterum
2695 2999 2983 3074 iterum-

746 3127 873 3199 que
924 3111 991 3178 et
1039 3105 1183 3199 ipse
1234 3112 1302 3176 et
1350 3128 1470 3201 per
1519 3105 1684 3180 alios
1736 3128 1923 3182 suam
1969 3104 2142 3174 tueri
2192 3102 2579 3180 sententiam
2627 3101 2982 3196 studuerit,

745 3228 957 3300 neque
1010 3228 1173 3301 opus
1227 3212 1329 3278 est
1378 3205 1832 3294 demonstrari,
1886 3211 1954 3272 et
1980 3203 2487 3280 demonstratum
2514 3209 2618 3282 est
2666 3204 2749 3277 ab
2801 3205 2980 3298 aliis,

746 3306 1219 3424 novissimeque
1281 3306 1353 3377 in
1382 3302 1698 3376 Viilckeri
1740 3302 2118 3376 Posthumis
2168 3303 2334 3376 fasc.
2384 3300 2447 3382 Ι.
2497 3329 2571 3402 Ρ.
2629 3280 2779 3384 160
2828 3331 2981 3406 sqq.

748 3406 860 3480 Ea
909 3416 1010 3483 est
1061 3406 1234 3480 enim
1281 3407 1423 3480 veri
1469 3413 1744 3500 natura,
1809 3415 1886 3478 ut
1937 3405 2289 3503 exstirpari
2337 3415 2659 3503 nequeat,
2710 3416 2780 3481 et
2828 3411 2984 3489 vel-

753 3511 851 3585 uti
902 3535 1139 3585 caesae
1189 3510 1440 3582 arboris
1490 3509 1703 3601 radix,
1757 3533 1924 3608 quae
1977 3509 2168 3582 evelli
2214 3533 2348 3582 non
2396 3511 2648 3607 potuit,
2715 3536 2984 3610 semper

749 3615 1095 3688 reviviscat
1141 3637 1434 3709 novaque
1483 3613 1824 3710 protrudat
1887 3613 2212 3708 germina·
2192 3664 2211 3683 .
2279 3637 2402 3694 nec
2472 3614 2644 3709 qnod
2690 3639 2825 3694 non
2874 3626 2985 3692 est

753 3742 977 3802 verum
991 3769 1018 3809 ,
1084 3716 1282 3789 etiam
1346 3716 1405 3787 si
1471 3716 1574 3788 vel
1639 3716 1902 3789 vicatim
1964 3715 2263 3814 dispositi
2326 3739 2685 3814 praecones
2748 3742 2981 3794 verum

701 3881 702 3886 ,
754 3844 901 3894 esse
951 3820 1036 3893 ad
1082 3819 1287 3893 ravim
1337 3818 1692 3911 clamitent,
1743 3843 2048 3917 umquam
2095 3827 2170 3892 ut
2221 3817 2308 3900 sit
2334 3815 2579 3894 ‘verum
2629 3818 2979 3898 efficietur.

754 3922 877 4016 Vt,
930 3923 989 3995 si
1039 3922 1301 4019 dignum
1352 3928 1453 3994 est
1501 3922 1731 3995 infelix
1778 3922 1940 3996 illud
1988 3921 2119 3997 καί
2164 3950 2243 3996 τε
2293 3920 2492 3998 Βοια
2542 3923 2623 3994 de
2662 3948 2793 4020 quo
2844 3925 2980 3998 ali-

754 4026 912 4125 quid
977 4026 1267 4117 dicatur,
1334 4023 1506 4122 quod
1576 4022 1637 4096 Ι.
1708 4022 1798 4098 Α.
1865 4024 2276 4120 Hartungum
2342 4025 2412 4098 in
2462 4024 2791 4099 Doctrina
2813 4051 2980 4124 par-

753 4127 1120 4204 ticularum
1154 4121 1561 4202 Graecarum
1625 4127 1757 4201 vol.
1808 4126 1868 4200 Ι.
1921 4152 2009 4230 p.
2045 4130 2094 4202 7
2098 4131 2170 4201 6
2235 4153 2368 4211 non
2432 4151 2588 4209 sane
2656 4130 2978 4227 exemplis

757 4240 828 4305 et
874 4257 999 4306 usu
1048 4232 1398 4306 adductum
1450 4225 1759 4327 probasse
1807 4217 2020 4323 video,
2070 4230 2296 4325 miror,
2348 4232 2519 4329 quod
2550 4232 2660 4328 qui
2694 4232 2763 4306 id
2789 4239 2978 4312 tanto

640 4341 644 4346 ’
753 4334 977 4408 studio
1024 4334 1335 4416 tuendum
1384 4334 1862 4422 existimarunt,
1912 4358 2047 4406 non
2111 4333 2263 4407 inde
2328 4336 2626 4432 exempla
2688 4359 2978 4431 conges-

763 4445 988 4512 serunt
999 4490 1025 4532 ,
1075 4440 1188 4511 ubi
1248 4437 1493 4512 affatim
1554 4437 1843 4513 invenire
1906 4444 2288 4536 potuerant,
2356 4462 2442 4514 ex
2504 4437 2976 4516 recentioribus
