3275 5317
2021 1 2390 136 *⁸7

569 460 617 527 ᾖ
1352 456 1470 518 DE
1527 456 2025 520 AESCHYLI

567 622 749 698 ribus
798 624 1156 693 memorata
1173 670 1199 711 ,
1264 616 1458 693 Sam.
1519 617 1743 694 Petito
1805 618 1878 692 in
1940 618 2144 695 Misc.
2210 618 2302 694 V.
2356 627 2433 695 9.
2499 644 2570 720 p.
2632 624 2808 698 100.

568 724 841 822 aliisque
864 721 1114 820 Edoni
1128 774 1154 815 ,
1207 747 1374 820 111105
1439 723 1730 796 eiusdem
1778 731 2013 821 poetae
2080 725 2417 822 tragoedia
2481 732 2624 819 est,
2673 748 2810 798 una

569 828 922 924 eademque
987 851 1138 898 cum
1186 824 1497 922 Lycurgo
1559 852 1704 899 5555
1750 827 2109 900 videbatur.
2214 824 2378 921 Alii,
2432 828 2547 925 qui
2595 835 2810 902 tetra-

568 930 811 1027 logiam
859 929 1062 1002 fuisse
1111 926 1513 1025 Lycurgiam
1561 928 2021 1026 intelligerent,
2073 938 2148 1003 ut
2197 927 2563 1023 Stanleius,
2615 927 2813 1004 Edo-

569 1058 692 1106 nos
758 1057 956 1105 unam
1018 1033 1277 1104 illarum
1345 1039 1651 1130 quattuor
1714 1032 2078 1105 fabularum
2130 1058 2275 1106 5555
2328 1034 2812 1107 existimarunt.

568 1135 655 1208 In
704 1136 934 1208 eodem
984 1161 1278 1228 numero,
1333 1135 1699 1231 argumenti
1747 1134 2065 1209 affinitate
2118 1144 2329 1209 motus
2347 1189 2372 1229 ,
2426 1132 2810 1212 Διονύσου

570 1238 903 1337 τροφοὺς
969 1238 1172 1311 fuisse
1243 1238 1635 1312 coniiciebat
1713 1236 1799 1310 P.
1867 1236 2224 1312 Elmsleius
2302 1239 2388 1311 ad
2468 1236 2811 1336 Euripidis

568 1342 849 1416 Medeae
900 1368 967 1416 1.
1027 1343 1148 1416 17.
1249 1340 1650 1413 Welckerus
1701 1350 1919 1414 autem
1968 1342 2039 1414 in
2092 1368 2169 1415 eo
2217 1343 2385 1414 libro
2405 1393 2431 1434 ,
2485 1365 2678 1440 quem
2730 1341 2812 1413 de

570 1443 884 1542 Aeschyli
934 1444 1196 1540 trilogia
1247 1444 1654 1541 composuit,
1707 1444 1779 1516 id
1841 1471 1913 1543 p.
1968 1448 2144 1519 320:
2218 1453 2470 1519 certum
2533 1444 2814 1517 habehat

571 1545 769 1646 atque
833 1547 1288 1620 indubitatum.
1429 1543 1575 1619 Sed
1638 1572 1831 1621 secus
1900 1572 2044 1621 esse
2112 1547 2305 1621 fateri
2374 1555 2643 1623 coactus
2712 1553 2816 1620 est

572 1652 667 1723 in·
706 1647 1094 1749 Appendice
1159 1650 1300 1722 eius
1381 1649 1532 1720 libri
1612 1675 1686 1749 p.
1760 1654 1932 1725 103.
1995 1660 2341 1749 postquam
2407 1652 2470 1724 ei
2532 1650 2817 1724 innotuit

576 1753 871 1826 scholion
923 1761 1117 1826 antea
1164 1752 1480 1825 ineditum
1532 1753 1619 1825 ad
1666 1750 2128 1851 Aristophanis
2159 1754 2817 1853 Thesmophoriazu-

526 1875 688 1944 4sas
750 1883 816 1930 1.
878 1855 1048 1930 135.
1114 1856 1185 1927 111
1255 1880 1381 1953 quo
1449 1856 1804 1953 scriptum:
1869 1856 2560 1961 τὴν,τετραλογίαν
2627 1857 2818 1959 λέγει

575 1957 1112 2063 Λυκουργίαν,
1185 1955 1614 2047 Ἠδωνούς,
1695 1958 2233 2061 Βασσαρίὸας,
2324 1958 2813 2049 Νεανίσκους,

573 2067 1036 2165 Λυκοῦργον
1084 2061 1224 2138 τὸν
1276 2058 1708 2160 σατυρικόν.
2841 2079 2850 2087 ·

779 2167 920 2238 Res
969 2163 1265 2262 Lycurgi
1280 2215 1306 2256 ,
1374 2172 1766 2237 memoratas
1817 2165 2098 2264 primum
2163 2166 2452 2241 Homero
2503 2167 2576 2239 in
2624 2172 2816 2239 sexto

575 2270 741 2342 libro
792 2267 1020 2339 Iliadis
1039 2318 1065 2359 ,
1132 2267 1322 2339 multi
1385 2275 1679 2339 veterum
1730 2292 2114 2362 narravere,
2183 2270 2258 2340 in
2316 2269 2546 2366 primis
2592 2277 2818 2341 autem

568 2370 896 2468 Eumelus
914 2421 940 2462 ‚
1013 2369 1093 2442 de
1162 2394 1289 2467 quo
1357 2379 1556 2467 poeta
1624 2370 1817 2443 docte
1871 2371 2222 2469 disputavit
2269 2371 2695 2444 Weichertus
2746 2370 2819 2442 in

576 2469 740 2547 Vita
789 2470 1126 2571 Apollonii
1173 2472 1444 2545 Rhodii.
1550 2473 1918 2546 Testantur
1980 2474 2232 2547 scholia
2282 2474 2367 2546 ad
2413 2474 2599 2546 illum
2647 2473 2819 2545 1110-

577 2576 680 2649 1115
705 2577 943 2648 librum
969 2602 1034 2649 1.
1074 2580 1243 2649 131.
1272 2575 1374 2648 1115
1404 2575 1658 2648 verbis:
1710 2584 1841 2672 τῆς
1895 2577 2227 2675 ἱστορίας
2279 2577 2539 2654 πολλοὶ
2590 2572 2818 2676 ἐμνή-

581 2684 928 2775 σθησαν,
980 2680 1559 2783 προηγουμένως
1610 2677 1695 2754 δὲ
1749 2679 1789 2755 ὅ
1842 2681 1984 2776 τὴν
2033 2679 2449 2781 Εὗρωπίαν
2509 2709 2820 2777 πεποιη-

579 2782 728 2868 κώς
777 2784 1145 2882 Εὔμηλος.
1258 2781 1589 2856 Homerus
1644 2808 1840 2882 quum
1889 2784 2145 2858 Bacchi
2194 2786 2483 2858 nutrices
2535 2786 2617 2857 ab
2669 2783 2820 2881 Ly-

581 2911 784 2983 curgo
839 2887 997 2961 κατ’
1051 2882 1391 2990 ἠγάθεον
1455 2885 1799 2983 Νυσήϊον
1861 2888 2121 2985 fugatas
2188 2888 2502 2981 dixisset,
2556 2888 2694 2981 alii,
2748 2889 2821 2960 in

580 2990 812 3088 quibus
864 2990 1102 3087 tragici
1150 2999 1325 3084 sunt,
1376 2989 1762 3065 Edonorum
1831 2991 1902 3063 in
1971 2991 2268 3065 Thracia
2330 3017 2551 3088 regem
2615 2990 2822 3063 fuisse

579 3090 961 3189 Lycurgum
1012 3095 1454 3191 scripserunt3
1509 3095 1647 3187 alii,
1699 3103 1775 3167 ut
1815 3091 2273 3187 Antimachus,
2328 3101 2496 3167 teste
2519 3092 2820 3167 Diodoro

581 3193 814 3269 Siculo
876 3194 1010 3267 ΙΠ.
1082 3197 1208 3268 65.
1278 3204 1347 3268 51
1410 3194 1481 3268 N
1480 3221 1689 3268 onnus
1701 3248 1728 3288 ,
1810 3221 1920 3270 res
1982 3197 2132 3269 illas
2215 3196 2688 3268 transtulerunt
2746 3196 2819 3269 in

580 3295 920 3370 Arabiam.
1022 3295 1221 3369 Prior
1286 3297 1464 3369 fama
1530 3298 1853 3393 vulgatior
1903 3297 2064 3390 fuit,
2135 3297 2251 3370 sed
2316 3297 2502 3369 valde
2567 3296 2821 3372 variata

581 3407 709 3492 est,
759 3400 1041 3473 maxime
1093 3400 1264 3498 quod
1314 3401 1400 3472 ad
1446 3424 1691 3497 poenas
1741 3408 1936 3498 atque
1984 3400 2317 3473 interitum
2365 3396 2662 3497 Lycurgi
2711 3409 2821 3473 at·-

580 3502 770 3577 tinet.
871 3502 1067 3577 Hanc
1118 3511 1562 3601 exposuerunt
1611 3503 2085 3600 mythographi,
2136 3502 2433 3599 Hyginus
2457 3503 2589 3576 fab.
2645 3508 2819 3578 132.

581 3615 651 3682 01
703 3609 876 3678 242.
929 3600 1371 3705 Apollodorus
1420 3604 1555 3680 HI.
1610 3606 1685 3698 5,
1748 3613 1814 3679 l.
1867 3605 2203 3678 Diodorus
2253 3607 2302 3677 l.
2358 3631 2422 3679 0.
2542 3603 2659 3679 Ex
2707 3607 2819 3678 in·-

582 3709 974 3807 terpretibus
1048 3709 1449 3783 Meziriacus
1529 3710 1939 3808 potissimum
2002 3709 2088 3782 ad
2168 3706 2394 3782 0111111
2455 3707 2818 3783 Heroidum

583 3812 897 3912 epistolas
946 3813 1079 3885 vol.
1127 3811 1189 3885 Ι.
1242 3838 1314 3912 p.
1349 3817 1518 3886 163.
1572 3838 1755 3911 seqq.
1808 3813 2073 3911 aliique,
2127 3837 2289 3911 quos
2337 3811 2619 3886 editores
2667 3810 2820 3910 Hy-

585 3915 722 4012 gini
773 3915 858 3988 ad
906 3915 1041 3991 fab.
1103 3920 1275 3991 132.
1344 3925 1411 3990 51
1477 3916 1771 4014 Heynius
1836 3916 1922 3989 ad
1986 3913 2463 4013 Apollodorum
2511 3939 2584 4012 p.
2637 3919 2819 3991 232.

584 4018 1021 4113 nominarunt,
1075 4020 1466 4119 scriptorum
1518 4021 1630 4120 qui
1678 4045 1786 4093 res
1834 4020 1984 4092 illas
2035 4019 2365 4115 attigerint
2425 4018 2820 4093 mentionem

584 4119 829 4194 fecere.
933 4120 1301 4221 Aeschylus
1353 4148 1481 4223 qua
1530 4124 1785 4197 ratione
1834 4123 1964 4196 1100
2013 4130 2466 4220 argumentum
2517 4123 2819 4222 explica-

582 4222 774 4316 verit,
825 4223 896 4296 in
945 4233 1130 4302 tanta
1177 4225 1550 4324 Lycurgiae
1604 4228 2116 4324 fragmentorum
2164 4225 2497 4325 paucitate
2550 4234 2618 4299 et
2666 4225 2817 4324 ple-

582 4349 932 4425 rorumque
980 4329 1294 4406 brevitate
1344 4332 1508 4422 adeo
1557 4356 1683 4406 nos
1732 4330 1937 4424 latet,
2000 4336 2076 4403 ut
2124 4329 2436 4403 nonnisi
2483 4349 2819 4429 perpauca

586 4425 744 4523 sint,
796 4453 963 4529 quae
1013 4432 1233 4532 aliqua
1280 4458 1443 4510 cnm
1496 4433 1722 4537 specie
1780 4433 1921 4509 veri
1983 4433 2239 4535 possint
2284 4433 2555 4511 affui-L·
2627 4427 2816 4506 Nam
