3275 5317
307 1396 991 1551 LATINAE
1058 1460 2556 1602 INTERPRETATIONIS

588 1615 1338 1705 AESCHYLI
1399 1614 2265 1706 SPECIMINA.

1399 2050 1460 2124 1.

781 2175 1215 2299 'mITIVM
1278 2220 2038 2301 AeArfflivmoms,

1143 2428 1717 2505 Excubitor.

512 2578 675 2689 Ab
730 2618 830 2689 dis
880 2618 1175 2691 laborum
1228 2622 1539 2693 terminos
1589 2620 1825 2692 horum
1876 2629 2143 2718 expeto,

478 2718 710 2793 -finem
758 2722 1061 2818 perennis
1112 2722 1412 2818 vigiliae,
1465 2723 1577 2819 qui
1630 2747 1753 2794 ceu
1806 2723 1990 2794 canis

508 2823 582 2895 in
631 2823 760 2897 hoe
809 2820 1194 2896 Atridarum
1244 2825 1577 2898 excubans
1628 2832 1807 2897 tecto
1856 2824 2093 2924 procul

516 2928 801 3000 concilia
852 2950 1040 2999 servo
1092 2928 1427 3000 noctiluca
1475 2926 1789 3021 siderum,

411 3028 456 3102 5
515 3029 754 3128 quique
806 3037 1058 3102 aestum
1106 3011 1513 3118 hominibus,
1567 3031 1808 3128 quique
1856 3028 2064 3127 frigus
2117 3029 2396 3103 afferunt

514 3133 649 3206 alto
705 3156 1017 3205 coruscos
1068 3133 1400 3231 principes
1450 3134 1520 3204 in
1572 3134 1862 3226 aethere,

515 3236 773 3336 quando
828 3235 1161 3329 occidunt,
1213 3244 1282 3310 et
1328 3236 1682 3310 alterorum
1731 3244 1917 3312 ortus
1966 3243 2227 3311 notans·

484 3523 542 3606 2¹)
586 3525 726 3586 Non
772 3528 947 3605 digna
988 3528 1214 3607 publica
1254 3529 1381 3587 luce
1423 3529 1762 3589 indicassem
1800 3529 1976 3602 haec,
2035 3547 2186 3608 quae
2229 3527 2362 3586 olim
2405 3528 2552 3585 otio-

313 3627 405 3669 sus
447 3611 572 3687 lusi,
615 3614 720 3671 nisi
762 3613 1098 3691 Aeschylum
1144 3634 1314 3693 quam
1356 3618 1539 3693 magis
1584 3618 1802 3690 editur,
1860 3622 1980 3675 tam
2033 3614 2215 3692 magis
2257 3614 2353 3671 sui·
2387 3613 2551 3671 dissi-

312 3697 502 3756 milem
549 3698 674 3757 fieri
727 3701 994 3759 viderem.
1092 3700 1338 3761 Possunt
1404 3703 1725 3761 huiusmodi
1795 3701 2329 3780 interpretationes,
2399 3717 2552 3775 quae

312 3783 545 3842 multum
601 3785 834 3861 quidem
887 3787 1127 3845 absunt·
1148 3788 1221 3845 ab
1268 3787 1553 3864 elegantia
1615 3788 1879 3866 Hugonis
1924 3788 2145 3862 Grotii,
2207 3784 2311 3844 sed
2351 3791 2550 3844 tamen

311 3871 558 3945 pressius
603 3871 827 3930 Graeca
868 3878 1211 3950 sequuntur,
1265 3874 1489 3932 interim
1541 3893 1650 3951 pro
1695 3872 2187 3952 explicationibus,
2245 3871 2443 3950 quales
2487 3871 2548 3929 in
2600 3939 2617 3948 f

314 3953 774 4015 adnotationibus
830 3959 997 4017 adiici
1049 3978 1173 4017 mos
1232 3964 1355 4032 est,
1414 3958 1629 4017 haberi.
1732 3959 1936 4036 Itaque
2004 3959 2064 4018 in
2118 3958 2352 4015 Graecis
2409 3956 2593 4033 quas‘

316 4041 618 4119 scripturas
660 4050 929 4119 sequutus
973 4046 1096 4119 sim,
1139 4063 1257 4104 non
1298 4042 1992 4107 indicaviMa3017mv
2036 4039 2229 4119 αυδῶ,
2270 4035 2384 4101 κού
2423 4062 2551 4119 μα-

314 4125 507 4188 θοῦσι
560 4121 860 4207 λήθομαι.
961 4130 1030 4188 lu
1084 4131 1276 4189 metris
1328 4131 1706 4209 ponderosior
1773 4129 1997 4207 syllabis
2067 4128 2305 4188 Latinus
2359 4145 2546 4185 sermo

316 4227 434 4270 nou
476 4214 791 4291 assequitur
830 4214 1238 4275 volubilitatem
1282 4218 1648 4280 Graecorum.
1737 4216 1884 4276 Eam
1924 4215 2161 4289 facilius,
2204 4213 2312 4273 sed
2351 4218 2544 4272 tamen

315 4314 516 4373 parum
556 4300 794 4359 feliciter
834 4301 1207 4375 aemulantur,
1251 4304 1349 4381 qui
1393 4302 1735 4363 Germanice
1775 4303 1904 4361 rudi
1945 4301 2219 4380 prosodia
2260 4304 2546 4359 vertentes

320 4385 773 4465 contortiplicata
815 4387 1090 4461 oratione,
1136 4395 1201 4447 ut
1244 4388 1485 4449 obscure
1537 4389 1824 4470 perceptis
1890 4387 2124 4448 Graecis
2183 4404 2394 4463 magna
2453 4403 2546 4444 so-

318 4472 522 4546 asturi,
563 4470 838 4552 ampullas
878 4473 1200 4554 proiiciunt,
