3275 5317
716 423 808 500 40
1592 429 2073 494 Ems‘rou

1054 586 1500 619 ³³³³³

1023 690 1302 777 θίασος
1353 694 1615 792 ἔμολεν
1664 695 2104 795 ἱπποβοτας.

723 823 899 918 Quid
949 828 1121 927 quod
1161 855 1284 903 nos
1332 831 1496 903 illud
1545 829 1774 905 eodem
1824 831 2054 906 modo.
2033 856 2055 877 ·
2109 854 2216 903 απ
2242 827 2950 905 ΡιόΙιῖτοπεΐᾶπηποπ

618 979 625 990 1
718 927 994 1002 humen
1042 931 1167 1004 dm
1225 935 1682 1009 Centum-en.
1746 935 1980 1033 Neque
2030 935 2202 1008 enim
2253 935 2575 1009 assentior
2623 935 2743 1008 tibi
2795 933 2949 1011 ἇνά

719 1032 805 1105 ad
855 1035 1125 1131 εμολον
1172 1037 1507 1130 referenti,
1577 1039 1751 1136 quod
1802 1039 1929 1112 etsi
1992 1063 2126 1111 non
2187 1046 2510 1136 repugnat
2571 1038 2747 1109 illius
2813 1036 2951 1111 loci

716 1137 979 1233 rationi,
1031 1147 1250 1213 tamen
1299 1165 1432 1214 non
1483 1142 1766 1215 debebas
1815 1141 1989 1217 tueri
2035 1141 2168 1215 illis
2216 1140 2289 1215 iu
2354 1130 2634 1215 Hecuba
2694 1141 2949 1215 verbis·

1021 1273 1171 1356 ἇνά
1225 1275 1311 1355 δε
1361 1278 1670 1364 κέλαδος
1722 1279 1935 1376 ἔμολε
1984 1273 2234 1356 πόλινε

712 1409 782 1487 N
779 1438 887 1488 am
946 1415 1041 1489 ibi
1107 1415 1260 1496 ἀνὰ
1326 1416 1506 1491 nullo
1568 1425 1767 1516 pacto
1833 1439 1986 1491 cum
2048 1417 2261 1515 ἔμολε
2329 1414 2638 1511 coniungi
2698 1421 2946 1514 potest,

711 1517 831 1591 sed
880 1527 1329 1616 constructum
1379 1529 1482 1594 est
1544 1545 1697 1593 cum
1758 1517 2004 1596 πόλιν.
2104 1516 2377 1615 Alioqui
2438 1518 2751 1616 strepitus
2811 1541 2950 1592 nou

710 1644 833 1720 per
879 1623 1134 1716 urbem,
1184 1624 1305 1698 sed
1355 1623 1442 1697 ad
1490 1623 1721 1696 urbem
1768 1619 1927 1695 iisse
1977 1623 2329 1696 diceretur.

915 1722 1001 1798 In
1049 1727 1408 1800 accusativi
1460 1752 1611 1799 cum
1664 1724 1815 1802 ἀνὰ
1868 1725 2281 1824 copulatione
2296 1776 2322 1817 ,
2389 1724 2471 1798 de
2523 1746 2653 1823 qua
2703 1729 2772 1796 et
2818 1746 2949 1797 co-

708 1825 1079 1924 piosissime
1154 1836 1222 1901 et
1271 1829 1764 1926 diligentissime
1817 1828 2218 1929 exposuisti.
2287 1826 2485 1900 credo
2552 1851 2678 1923 ego
2727 1834 2832 1919 te,
2886 1825 2949 1898 si

708 1929 794 2002 ad
876 1929 1075 2004 dativi
1151 1932 1471 2007 rationem
1552 1932 1838 2004 animum
1914 1931 2302 2005 attendisses
2317 1982 2342 2024 ,
2437 1936 2950 2026 temperaturum

706 2030 829 2105 tibi
876 2033 1079 2107 fuisse
1129 2057 1173 2106 a
1221 2035 1710 2134 comparatione
1762 2035 2206 2133 oppositarum
2254 2057 2414 2132 prae
2483 2026 2809 2105 *sitionum
2834 2030 2951 2105 ul-

707 2144 816 2207 tra
862 2136 1210 2209 terminum
1261 2138 1695 2210 extendenda.
1823 2136 2040 2211 Video
2107 2137 2281 2210 enim
2343 2145 2373 2208 t
2471 2136 2589 2208 illa
2637 2134 2951 2209 similitu-

710 2237 862 2311 diue
925 2239 1278 2313 adductum
1347 2265 1534 2333 esse,
1603 2246 1679 2313 ιιι
1744 2264 1944 2336 quum
2007 2239 2205 2332 alibi,
2272 2247 2414 2311 tum
2475 2262 2542 2335 p.
2605 2243 2725 2311 ll.
2793 2238 2946 2314 οἷνᾶ

709 2363 991 2438 quoque,
1044 2350 1118 2415 ιιι
1166 2338 1389 2439 κατά,
1440 2366 1594 2417 cum
1643 2343 2021 2417 accusativo
2070 2350 2319 2415 motum
2370 2340 2484 2438 qui
2530 2338 2704 2414 ultro
2736 2340 2948 2414 citro-

708 2469 836 2543 que
883 2443 962 2517 fit
1010 2444 1380 2541 significare
1430 2454 1780 2519 statueres.
1895 2444 1980 2518 Id
2045 2470 2169 2542 ego
2220 2468 2493 2544 prorsus
2558 2468 2751 2540 nego,
2804 2452 2948 2519 tum

705 2570 835 2620 usu
899 2548 1296 2669 scriptorum
1376 2547 1746 2622 admonitus
1758 2599 1786 2642 ,
1852 2558 1992 2622 tum
2053 2548 2263 2649 ipsius
2322 2547 2645 2621 adductus
2708 2555 2948 2621 natura

705 2651 1236 2753 praepositionis.

910 2752 1087 2828 Nam
1152 2779 1351 2852 quum
1412 2753 1590 2852 quod
1651 2754 1723 2826 in
1775 2753 1929 2831 ἀνὰ
1997 2754 2172 2828 inest
2235 2775 2537 2825 sursum
2602 2752 2801 2845 illud,
2867 2761 2944 2826 ιιι
3027 2825 3040 2836 ,

708 2879 796 2930 ex
848 2857 1050 2932 dativi
1098 2858 1491 2933 admissione
1559 2865 1627 2931 et
1694 2857 2183 2959 comparatione
2250 2854 2690 2931 Germanicae
2741 2875 2947 2954 prae-

708 2961 1051 3059 positionis
1115 2961 1573 3060 cognoscitur,
1656 2985 1818 3035 casu
1880 2961 2188 3036 adiuncto
2253 2960 2339 3033 ad
2403 2966 2778 3034 contactum
2841 2959 2944 3032 rei

706 3063 1064 3137 referatur·
1134 3089 1541 3174 consequffns
1608 3072 1712 3137 est
1722 3117 1748 3158 ,
1818 3066 2097 3162 primam
2161 3049 2701 3160 significationem
2765 3085 2942 3155 esse,

704 3167 1082 3247 accusativo
1144 3169 1500 3240 accedente
1514 3218 1539 3259 ,
1627 3188 1933 3239 swrswm
1998 3166 2108 3238 ad
2167 3163 2506 3261 aliqm’d;
2584 3165 2757 3261 quod
2817 3189 2943 3239 nos

705 3267 983 3342 dicimus
1035 3292 1143 3339 cm
1192 3251 1425 3341 etwas
1474 3266 1756 3341 ham.
1822 3279 1898 3343 ut
1958 3268 2144 3346 κίον’
2215 3269 2331 3344 ἄν’
2401 3267 2703 3367 ὑψηλὴν
2768 3264 2944 3367 ἐρύ-

708 3395 849 3447 σαι.
964 3369 1201 3446 Potest
1263 3381 1482 3466 autem
1545 3372 1793 3471 aliquid
1842 3373 1948 3445 vel
1995 3380 2183 3445 recta
2244 3395 2502 3444 sursum
2566 3370 2814 3465 attolli,
2865 3378 2944 3446 nt

705 3474 834 3548 hoc
882 3473 1028 3576 ipso
1076 3475 1149 3549 iu
1169 3475 1527 3605 exemplo,
1579 3476 1685 3548 vel
1712 3501 1834 3574 per
1858 3475 2155 3568 acclive,
2188 3482 2264 3547 ιιι
2292 3499 2489 3572 quum
2518 3474 2835 3548 dicitur³
2788 3474 2943 3552 ava

703 3576 844 3655 τὸν
891 3573 1265 3675 ποταμόν,
1320 3577 1494 3676 quod
1541 3602 1664 3652 nos
1713 3589 2064 3651 stromcm
2076 3629 2105 3673 ,
2155 3578 2261 3652 vel
2311 3578 2508 3650 etiam
2556 3602 2677 3676 per
2706 3602 2946 3675 quam-

707 3680 803 3753 vis
852 3681 1348 3777 longitudinem,
1402 3704 1570 3777 quae
1621 3689 1773 3755 ante
1839 3682 2066 3756 oculos
2127 3688 2431 3809 protenta
2494 3681 2681 3777 quasi
2745 3683 2944 3780 paul·-

702 3784 886 3857 latim
936 3784 1293 3881 adsurgere
1343 3784 1636 3857 videtur.
1691 3784 1862 3857 uude
1915 3783 2027 3884 ἂμ
2076 3785 2419 3886 πέλαγος,
2489 3782 2595 3879 &a
2649 3784 2938 3880 πεδίον,

702 3894 772 3959 et
818 3888 1103 3984 plurima
1153 3887 1312 3959 alia.
1417 3885 1717 3977 Quorum
1767 3897 1842 3961 tu
1892 3912 2090 3984 quum
2138 3888 2212 3959 in
2274 3886 2656 3984 quibusdam
2670 3940 2696 3981 ,
2750 3914 2942 3963 com·-

672 3997 928 4086 parato
974 4019 1173 4066 κατα
1221 3996 1595 4109 permotus,
1650 3998 2082 4063 commeatum
2112 3990 2223 4087 qui
2264 3990 2440 4062 ultro
2470 3990 2766 4089 citroque
2815 3991 2943 4067 fie-

691 4100 797 4164 ret
841 4094 1121 4169 indicari
1172 4092 1607 4184 existimasti,
1658 4092 1963 4166 tribuisse
2013 4091 2250 4164 videris
2294 4092 2450 4165 huic
2476 4095 2942 4196 praepositioni

687 4196 858 4289 quod
906 4220 1116 4298 neque
1163 4198 1366 4273 inest
1412 4196 1483 4269 iu
1536 4218 1624 4268 ea
1687 4220 1812 4284 nec
1861 4200 2080 4292 potest
2126 4194 2380 4267 inesse·
2429 4194 2765 4295 fateorque
2816 4224 2942 4296 ego

676 4295 991 4392 ingenue,
1052 4305 1120 4375 in
1192 4302 1523 4379 omnibus
1577 4299 1713 4396 illis
1765 4294 2086 4394 exemplis
2099 4346 2126 4387 ,
2190 4321 2463 4397 quorum
2509 4300 2710 4394 illud,
2769 4302 2944 4398 quod

664 4421 733 4493 p.
795 4403 911 4474 13.
966 4430 1022 4476 v.
1077 4410 1151 4479 6.
1218 4431 1346 4490 ex
1406 4403 1613 4484 Iliad.
1683 4399 1893 4477 XXI.
1961 4397 2230 4476 allatum
2291 4411 2433 4498 est,
2507 4428 2641 4480 non
2692 4428 2754 4478 v.
2810 4409 2939 4479 37.
