3275 5317
1037 449 1766 519 ‘rnssocm‘rsssa
2399 454 2487 522 ⁹3

270 613 524 713 quidam
569 612 667 688 ita
712 612 1018 713 loquutus
1067 637 1216 689 esse
1262 612 1614 713 putandus,
1664 612 1787 688 sed
1832 612 1999 690 alius
2041 612 2285 692 dixisse
2335 616 2482 691 aliie

267 717 375 817 qui
422 739 584 789 usus
633 715 747 801 τὶς
794 716 1193 814 pronominis
1241 717 1617 790 notissimus
1684 724 1810 792 est.

466 814 561 893 V.
614 821 737 892 64.
789 819 1074 896 Multum
1121 821 1438 893 interesse
1453 873 1478 912 ,
1545 845 1674 918 quo
1724 818 1966 894 ordine
2027 819 2226 894 verba
2274 820 2485 896 collo-

265 928 520 1015 centur,
570 929 648 994 ut
695 945 880 994 suam
930 946 1221 1022 quaeque
1275 922 1401 995 vim
1447 921 1766 1026 habeant,
1819 930 2112 1020 apertum
2163 930 2288 997 est.
2382 920 2489 998 Et

262 1024 368 1098 hic
432 1023 695 1122 quidem
762 1024 908 1121 quis
972 1049 1107 1098 non
1166 1031 1508 1108 τοιοῦτος
1585 1022 1660 1098 in
1718 1025 2042 1123 principio
2118 1023 2489 1123 ponendum

262 1126 494 1199 fuisse
513 1120 885 1222 intelligat?
939 1128 1083 1225 quis
1132 1135 1350 1201 autem
1401 1127 1628 1201 credat
1675 1128 1780 1201 vel
1828 1128 2242 1201 mediocriter
2301 1128 2489 1228 peri-

263 1237 400 1303 tum
453 1236 718 1326 poetam
767 1229 1121 1304 nescivisse
1170 1238 1378 1304 metro
1428 1230 1528 1304 sic
1578 1223 1807 1327 aptare
1855 1231 2076 1324 verba,
2129 1238 2205 1303 ut
2253 1255 2335 1305 ea
2358 1256 2490 1305 vox

259 1356 453 1404 suum
500 1331 721 1403 locum
769 1326 1082 1406 teneret?
1209 1332 1431 1425 Quare
1481 1357 1711 1406 vereor
1758 1356 1913 1429 ego
1937 1333 2196 1432 quidem
2238 1357 2330 1407 ne
2376 1334 2489 1405 in-
2608 1385 2617 1394 -

261 1434 645 1532 terpretatio
709 1434 1057 1529 genuinam
1118 1436 1511 1568 scripturam
1570 1434 1919 1535 expulerit.
2033 1434 2250 1511 Multo
2315 1436 2491 1510 enim

121 1597 140 1606 J
265 1535 626 1633 elegantius
673 1536 1035 1633 legeretur·

468 1679 809 1757 τοιοῦτος
857 1672 1039 1758 Διὸς
1089 1672 1253 1758 υἱὸς
1303 1675 1386 1748 ἐν
1436 1670 1905 1775 οἷτρίπτοισιν
1958 1670 2339 1761 ἀκάνθαις

472 1774 713 1850 παῖδα
762 1779 1039 1853 ποθῶν
1088 1773 1477 1853 ὃεὸόνατο.

469 1908 563 1986 V.
618 1914 744 1987 68.
807 1911 1135 1987 Vitiosam
1212 1937 1361 1987 esse
1422 1911 1750 2011 vulgatam
1811 1910 2204 2013 scripturam
2266 1938 2491 1989 omues

267 2013 697 2090 confitentum

460 2159 663 2240 ναῦς
711 2150 937 2251 μένεν
988 2150 1248 2253 ἄρμει)
1300 2152 1567 2283 ἔχοισα
1601 2147 2004 2253 μεταρσια·
2075 2158 2234 2230 τῶν
2297 2182 2493 2254 παρ-

1489 2250 1774 2332 εόντων

472 2355 674 2442 ἱστία
728 2356 809 2435 δ’
860 2353 1113 2456 ἢιθεοι
1159 2353 1656 2457 μεσονύκτιον
1706 2352 2220 2462 ἐξεκαθαιρον,

464 2461 847 2562 Ἡρακλῆα
894 2462 1264 2559 μένοντες.

271 2598 403 2677 Pro
456 2602 684 2699 μένεν
734 2600 997 2674 codices
1061 2600 1201 2675 fere
1267 2625 1490 2682 omnes
1539 2602 1720 2700 μέν,
1788 2601 2105 2721 perpauci
2169 2598 2326 2697 μὴν
2390 2601 2497 2676 vel
2634 2588 2642 2598 ’

272 2701 453 2801 μάν.
554 2702 771 2776 Huius
823 2703 1078 2800 quidem
1141 2705 1322 2777 verbi
1370 2705 1565 2778 facile
1615 2704 1889 2778 inveniri
1953 2704 2314 2778 emendatio
2362 2728 2496 2803 po-

274 2813 526 2899 tuerat,
578 2807 639 2878 si
700 2805 1125 2879 attendissent
1188 2808 1403 2881 critici
1468 2807 1621 2904 quid
1688 2815 1756 2879 et
1802 2805 2124 2879 sententia
2180 2815 2256 2882 et
2300 2805 2495 2903 geni-

275 2910 386 2984 tivi
451 2917 613 2985 τῶν
660 2906 1098 3009 παρεόντων
1158 2910 1599 3028 postularent,
1667 2909 1780 3006 qui
1842 2908 2020 2981 nullo
2084 2908 2278 2982 modo
2343 2931 2496 2981 cum

276 3012 688 3111 sequentibus
737 3013 950 3084 verbis
998 3012 1182 3108 iungi
1217 3019 1539 3141 possunt
1594 3009 1878 3084 difficilis
1929 3018 2146 3083 autem
2170 3009 2494 3083 correctio

277 3124 375 3188 est
437 3114 623 3189 verbi
686 3138 954 3213 prorsus
1032 3114 1239 3211 inepti
1317 3111 1852 3210 ἐξεκάθαιρον,
1919 3113 2281 3212 mirumque
2365 3121 2494 3206 est,

276 3217 497 3311 fuisse,
554 3217 666 3314 qui
713 3241 845 3289 uon
892 3218 1020 3291 hoc
1068 3216 1373 3309 verbum,
1451 3217 1570 3290 sed
1620 3216 1819 3292 ἱστία
1872 3223 2249 3313 corruptum
2295 3223 2497 3314 puta-

275 3328 440 3414 rent,
492 3319 688 3417 idque
736 3319 840 3392 vel
886 3320 958 3391 in
1008 3318 1209 3415 laepia
1259 3326 1609 3413 mutarent,
1662 3318 1850 3416 quasi
1946 3318 2250 3415 urgandis
2299 3318 2498 3391 tabu-

277 3421 423 3495 latis
473 3422 547 3494 iu
596 3422 800 3495 altum
848 3421 1323 3521 propelleretur
1369 3422 1552 3494 navis
1566 3473 1593 3515 ,
1661 3420 1767 3495 vel
1831 3446 2064 3518 ουρον
2127 3419 2499 3519 ponendum

277 3532 641 3617 censerent,
693 3526 878 3622 quasi
924 3522 1138 3620 Argo,
1189 3532 1264 3597 ut
1313 3521 1725 3597 Graecorum
1776 3522 2006 3596 classis
2056 3522 2142 3594 ad
2191 3522 2496 3615 Troiam,

279 3627 513 3701 multos
565 3651 770 3699 annos
818 3628 888 3699 in
938 3650 1202 3699 arenam
1252 3626 1570 3700 subducta
1600 3626 2018 3698 mansisset.
2067 3622 2166 3698 At
2189 3624 2304 3696 illa
2326 3649 2499 3724 pau-

278 3751 396 3804 cas
440 3730 637 3802 horas
686 3736 958 3801 steterat
1004 3730 1075 3801 in
1126 3729 1412 3803 ancoris.
1509 3727 1594 3800 Id
1644 3735 1714 3801 et
1759 3752 1867 3800 res
1916 3728 2063 3827 ipsa
2099 3726 2377 3823 flagitat,
2429 3736 2500 3800 et

283 3839 544 3904 narrant
540 3827 978 4008 bAtpollonius
1027 3839 1223 3930 atque
1274 3829 1609 3933 Orpheus,
1663 3854 1937 3930 quorum
1961 3830 2128 3904 alter
2175 3827 2238 3903 Ι.
2272 3832 2495 3904 1276.

264 3933 385 4008 sio
427 3959 558 4009 sen
602 3960 627 4005 1

487 4072 561 4147 οἳ
608 4070 693 4147 δ’
744 4074 1119 4202 εζςβαινον
1168 4073 1382 4171 ἄφαρ
1434 4071 1872 4169 λελιημένοι·
1938 4068 2082 4169 ὕψι
2130 4067 2215 4143 δὲ
2267 4067 2446 4162 νηὸς

485 4171 798 4259 εὐναίας·
835 4171 1231 4269 ἐρύσαντες
1282 4205 1379 4251 αν
1381 4172 1834 4271 εκρούσαντο
1885 4170 2209 4255 κάλωας·

417 4307 432 4348 ι
487 4274 845 4377 κυρτώθη
898 4276 980 4353 δ’
1036 4279 1290 4378 ανεμῳ
1342 4277 1511 4354 λίνα
1559 4273 1922 4377 ιιεσσόθι·

298 4407 594 4514 Orpheus
643 4421 858 4490 autem
908 4438 972 4489 v,
1026 4412 1122 4488 65
1131 4417 1203 4489 3.
