3275 5317
767 472 1303 537 YHOBOAH
1332 472 1455 536 ET
1507 472 2214 538 YHOBAHAHN.
2452 474 2587 542 309

345 656 547 733 quae
598 658 683 705 m
735 633 914 706 aliis
962 634 1271 708 musi'eis
1314 634 1727 729 generibus
1779 637 2026 710 locum
2055 660 2210 709 non
2238 635 2581 731 haberet,

344 746 763 810 vocaretur
812 737 1185 836 ὑποβολή.
1238 740 1407 839 ipsa
1457 739 1877 839 rhapsodia
1911 740 2187 843 potuit
2243 740 2582 840 ὑποβολὴ

344 839 570 913 dibi.
633 841 823 915 Haec
874 866 1129 940 quoque
1176 844 1591 917 ratiocinatio
1644 846 1821 918 omni
1857 846 2049 918 modo
2077 846 2354 918 laborat.
2406 844 2585 918 Pro-

340 943 668 1018 ficiscitur
717 946 888 1019 enim
939 945 1020 1017 ab
1073 970 1179 1038 eo,
1234 931 1408 1044 quod
1458 973 1588 1021 non
1642 956 1742 1020 est
1794 948 2343 1041 demonstratum,
2395 947 2585 1023 ὑπο-
2644 973 2655 986 “

339 1048 588 1147 βολὴν
638 1048 878 1122 dietam
930 1074 1075 1122 esse
1139 1051 1319 1122 illam
1385 1051 1868 1124 successionem
1937 1052 2332 1124 carminum.
2401 1076 2586 1124 sum-

339 1159 532 1252 ptum
586 1159 688 1224 est
738 1152 910 1225 enim
962 1154 1351 1226 auctoritate
1417 1153 1739 1251 Diogenis
1803 1152 2062 1226 Laertii
2081 1205 2106 1246 ,
2175 1179 2340 1251 quac
2394 1178 2587 1252 quam

336 1262 659 1352 suspecta
707 1255 795 1327 sit
846 1279 1047 1353 supra
1107 1255 1568 1328 indicavimus.
1639 1257 1811 1330 redit
1860 1265 2079 1334 autem
2130 1282 2250 1349 eo,
2319 1266 2395 1330 ut
2458 1282 2588 1354 po·-

341 1358 554 1430 tuisse
604 1357 1010 1455 ῥαψῳδίαν
1062 1359 1379 1456 appellari
1442 1359 1831 1459 ὑποβολὴν
1897 1361 2273 1452 audiamuS,
2328 1385 2460 1432 non
2512 1368 2590 1432 ut

339 1484 495 1533 esse
548 1461 941 1560 appellatam
992 1485 1071 1533 eo
1123 1462 1440 1535 vocabulo
1492 1463 1867 1536 doceamur.
1970 1460 2179 1564 Atqui
2208 1463 2382 1560 quod
2432 1470 2589 1561 pot-

342 1572 446 1638 est
502 1589 677 1657 esse,
729 1586 859 1636 non
911 1566 1221 1637 continuo
1275 1572 1399 1658 est,
1453 1567 1511 1638 si
1563 1575 1781 1639 tamen
1833 1574 2075 1664 potest.
2180 1564 2277 1638 At
2326 1593 2409 1639 ne
2461 1592 2590 1664 po-

339 1667 554 1740 tuisse
609 1667 867 1764 quidem
918 1667 1296 1766 ὖποβολῆς
1362 1670 1619 1741 nomine
1670 1670 2091 1768 rhapsodiam
2157 1671 2382 1741 vocari
2434 1694 2590 1743 cre-

337 1769 548 1843 dibile
600 1779 724 1843 est.
857 1769 1033 1843 Nam
1100 1772 1273 1869 quod
1324 1773 1418 1843 ait
1482 1772 1900 1864 Boeckhius,
1970 1770 2115 1842 hoe
2185 1772 2386 1843 enim
2438 1771 2591 1843 ali·
2726 1759 2730 1768 ⁸

340 1872 535 1973 quid
582 1884 663 1945 et
708 1872 947 1945 multo
998 1872 1432 1946 dictabe-thes
1476 1886 1597 1946 est
1644 1885 1728 1946 et
1763 1900 1935 1946 eum
1965 1874 2428 1976 rhapsodiae
2458 1871 2590 1947 rit—

339 1977 558 2048 tione
607 1975 728 2048 ita
768 1976 1283 2071 coniunctum,
1335 1988 1433 2049 ut
1475 1977 1601 2050 vel
1643 1978 1960 2071 vulgari
2002 1978 2411 2058 conveniat
2456 2003 2635 2063 ‘vo-2

342 2078 613 2153 eubuli
670 2079 1216 2201 ortgrinationi,
1295 2081 1500 2179 quod
1563 2082 1674 2153 sie
1726 2079 2043 2154 carmen*
2108 2082 2452 2154 assuitur
2515 2093 2593 2154 et

340 2183 691 2257 nectitur
754 2184 1094 2256 carmini
1102 2239 1126 2278 ,
1194 2186 1264 2257 id
1330 2195 1581 2259 tantum
1649 2187 1835 2258 abest
1902 2195 1976 2259 ut
2012 2177 2383 2260 confirmet
2448 2186 2590 2259 eius

342 2289 738 2363 sententiam
754 2342 779 2382 ,
834 2291 896 2361 ei
947 2297 1020 2361 ut
1069 2290 1288 2387 potius
1341 2290 1675 2362 adversari
1725 2290 2043 2362 videatur.
2148 2289 2363 2363 Valde
2417 2291 2590 2362 enim

339 2392 606 2465 diversa
653 2393 990 2490 utriusque
1041 2393 1319 2466 nominis
1369 2394 1540 2466 ratio
1594 2402 1720 2466 est.
1824 2391 1923 2466 Vt
1972 2393 2149 2466 dicta
2191 2394 2278 2466 sit
2309 2394 2593 2490 rhapso-

339 2495 459 2568 dia
510 2496 591 2566 ab
645 2496 983 2568 assuendis
1049 2505 1116 2570 et
1179 2497 1518 2589 nectendis
1572 2497 1967 2570 carminibus
1984 2550 2008 2589 ,
2081 2505 2149 2569 at
2199 2520 2323 2569 usu
2364 2495 2596 2568 amisit

341 2599 528 2674 illam
595 2597 1133 2694 significationem
1185 2584 1312 2672 hoc
1361 2601 1787 2719 vocabulum,
1858 2600 2230 2719 dictumque
2297 2607 2398 2673 cst
2466 2600 2590 2691 sic,

341 2711 421 2775 ut
501 2701 663 2790 nihil
752 2702 882 2772 nisi
959 2702 1411 2775 recitationem
1506 2704 1811 2775 carminis
1905 2703 2078 2799 epici
2155 2702 2590 2798 significaret.

347 2805 528 2904 quod
594 2814 825 2878 contra
890 2802 1267 2902 ὑποβολή,
1338 2806 1396 2876 si
1465 2812 1566 2876 est
1614 2804 1685 2876 id
1738 2804 1912 2901 quod
1981 2806 2117 2877 vult
2182 2804 2589 2897 Boeckhius,

345 2908 875 2982 coniunctionem
924 2909 1135 3006 ipsam
1198 2909 1481 3005 plurium
1547 2909 1905 2980 carminum
1969 2916 2177 2980 notat.
2297 2905 2396 2980 At
2446 2908 2591 3004 quis

345 3011 607 3104 credat,
660 3012 774 3081 ubi
824 3012 1142 3083 recitandi
1192 3011 1523 3083 facultatis
1577 3020 1770 3131 atque
1824 3010 2313 3083 exercitationis
2369 3020 2591 3083 certa-

347 3138 504 3187 men
553 3114 1039 3186 memorandum
1094 3122 1261 3206 erat,
1313 3139 1445 3187 non
1508 3115 2000 3206 recitationem,
2072 3138 2238 3211 quae
2308 3121 2410 3186 est
2459 3118 2595 3209 ῥα-

344 3216 643 3318 ψῳὸια,
694 3217 812 3289 sed
872 3219 1396 3290 coniunctionem
1450 3219 1850 3310 carminum,
1905 3242 2070 3313 quae
2135 3218 2593 3309 recitarentur,

351 3346 502 3395 esse
552 3315 999 3393 nominatam?
1051 3319 1262 3393 Immo
1313 3321 1473 3391 nihil
1521 3322 1804 3419 ineptius
1855 3320 2000 3393 fieri
2046 3330 2346 3419 poterat,
2402 3346 2595 3418 quam

348 3433 429 3497 nt
477 3424 838 3497 carminum
890 3424 1326 3497 successionis
1378 3424 1591 3497 victor
1644 3425 2009 3516 diceretur,
2080 3425 2192 3521 qui
2258 3424 2417 3495 nihil
2468 3423 2595 3495 nisi

349 3551 556 3600 unum
608 3553 693 3600 ex
743 3527 846 3599 his
899 3528 1294 3600 carminibus
1344 3527 1440 3599 ita
1487 3529 1860 3620 recitasset,
1914 3535 1989 3599 ιιι
2040 3534 2382 3625 superaret
2433 3550 2594 3599 cae-

351 3639 559 3705 teroS.

560 3734 751 3807 Haec
801 3734 1003 3831 igitur
1055 3759 1256 3833 quum
1301 3760 1534 3833 parum
1583 3735 1949 3833 probabilia
2000 3734 2170 3826 sint,
2224 3733 2436 3805 minus
2490 3739 2597 3806 et-

351 3839 485 3911 iam
533 3838 799 3936 probari
848 3863 1043 3935 posse
1096 3839 1375 3910 arbitror
1425 3863 1543 3929 ea,
1599 3862 1765 3933 quae
1819 3837 2124 3934 deinceps
2186 3837 2367 3909 addit
2410 3836 2596 3909 Boe·
2698 3860 2702 3864 ⁴

352 3941 573 4013 khius.
694 3939 948 4014 Scribit
998 3949 1214 4014 autem
1267 3941 1400 4013 sic.
1458 3939 1905 4061 ‘Qif'fie-eulms
1957 3939 2207 4032 dictu,
2264 3937 2447 4037 quid
2494 3936 2602 4008 sit

358 4040 863 4128 ἄνταπόὸοσις
912 4045 1288 4144 ὑποβολῆς
1351 4043 1576 4116 inisw
1630 4043 1848 4116 tituli
1903 4042 2085 4115 Teii.
2189 4041 2339 4114 Sed
2367 4065 2597 4140 quum

344 4148 677 4247 posthae
730 4157 1034 4220 tantum
1085 4149 1462 4248 ὑποβολῆς
1513 4147 1886 4248 εονφῐιιηι
1937 4147 2062 4239 si,t
2117 4170 2257 4217 nee
2295 4143 2593 4244 proba-

353 4250 503 4324 bile
565 4250 923 4326 videatur
987 4251 1212 4323 mitio
1283 4250 1501 4325 tituli
1558 4250 1780 4321 aliud
1840 4250 2199 4348 quiddam
2262 4247 2604 4340 intelligi

357 4380 454 4428 ae
497 4354 875 4456 deincepS,
929 4352 1462 4432 ἀνταπόδοσιν
1488 4354 1868 4453 ὑποβολης
1915 4353 2343 4426 &edicamus
2394 4351 2595 4424 idem

357 4484 457 4532 ae
504 4458 795 4534 nudam
844 4459 1231 4560 ὑποβολήν
1281 4483 1477 4549 esse,
1547 4484 1640 4532 ae
1695 4457 1971 4558 priore
2033 4457 2366 4531 dictione
2429 4479 2595 4531 rem
