3275 5317
741 480 873 549 1⁰2
1370 551 1378 558 ,
1630 479 2074 544 scHoLAE

748 640 1267 718 Valckenarium
1317 668 1387 740 p.
1442 645 1619 716 331.
1672 667 1733 716 s.
1786 642 2040 740 seripta
2086 639 2364 738 legitur·
2431 639 2546 720 ἴδε
2612 644 2716 728 εἷς
2764 646 2969 720 ποῖον

745 748 1070 924 ῗῃζζαὲἔ.
1117 741 2565 933 53²²ssssff“121‘1'2‚3⁹⁶22{⁰210²2‘32'⁹a³³⁶3&
2604 743 2974 946 sffgssffi

748 876 959 1046 emuli?
998 960 1076 1026 ιιι
1125 901 1503 1046 videtur,
1457 983 1509 1028 α
1559 950 1672 1028 ἰδ’
1708 900 1802 1037 ,ἐς
1852 961 2065 1053 νᾶμα
2117 877 2385 1052 magog?
2405 959 2475 1028 et
2522 959 2740 1073 νᾶμα
2787 960 2974 1051 puta-

746 1056 862 1129 bat
908 1081 1031 1154 pro
1081 1056 1381 1153 pollubro
1432 1055 1684 1130 dietum
1734 1080 1907 1130 esse.
2011 1053 2228 1129 Porro
2280 1080 2369 1129 ex
2416 1079 2550 1130 uno
2582 1055 2847 1130 eodioe
2862 1052 2976 1130 ad-

747 1167 1043 1234 notatum
1108 1157 1373 1247 mdes,
1453 1181 1648 1258 quam
1725 1184 1956 1234 voeem
2022 1155 2390 1256 Gregorius
2457 1156 2622 1234 Cor.
2689 1158 2771 1246 de
2832 1157 2976 1234 dial.

745 1261 919 1337 Dor.
971 1271 1040 1352 ᾗ.
1097 1265 1270 1337 134.
1330 1262 1477 1336 sine
1544 1263 1740 1337 dubio
1792 1287 1881 1335 ex
1934 1263 2064 1336 hoo
2126 1286 2320 1336 versu
2380 1261 2664 1338 afferens
2680 1314 2707 1356 ,
2758 1258 2978 1361 dama-

750 1363 869 1450 λὲς
917 1365 1408 1494 interpretatur.
1511 1364 1819 1464 Denique
1884 1365 2102 1440 codex
2149 1389 2319 1440 unus
2384 1390 2474 1440 ex
2521 1363 2979 1440 Laurentianis

746 1469 935 1567 isque
986 1469 1269 1567 optimus
1321 1468 1371 1543 ἃ
1424 1467 1507 1544 δ’
1561 1473 1634 1554 ἐς
1684 1468 1897 1568 ὕδωρ
1951 1469 2198 1574 φέρει,
2250 1469 2395 1562 vel,
2445 1476 2524 1545 ιιι
2576 1466 2980 1543 Gnisfordius

746 1572 975 1665 refert,
1047 1570 1225 1656 ᾶὸες
1287 1571 1545 1670 ὕδωρς
1610 1567 2090 1647 Vatieauorum
2154 1580 2373 1647 autem
2421 1595 2595 1646 unus
2647 1571 2787 1645 sio·
2854 1567 2977 1646 ἅδ’

748 1681 877 1760 εἰς.
933 1673 1117 1750 ᾶὸὃ’
1174 1677 1267 1760 ἐς.
1320 1703 1534 1776 ναμα
1585 1705 1800 1776 φερη.
1906 1676 2096 1769 Quae
2147 1677 2275 1750 etsi
2304 1683 2623 1796 corrupta
2652 1682 2829 1767 sunt,
2878 1679 2982 1746 ta-

743 1804 899 1853 men
962 1781 1268 1877 antiquae
1348 1787 1416 1853 et
1492 1781 1816 1876 genuinae
1882 1780 2251 1879 scripturae
2289 1779 2596 1906 ”vestigia
2659 1778 2981 1854 nominem

746 1889 1032 1981 oportet,
1084 1892 1161 1956 ιιι
1226 1891 1295 1956 et
1363 1911 1414 1959 α
1478 1883 1560 1959 δ’
1636 1883 1741 1969 ὥς
1805 1892 1873 1958 et
1936 1881 2163 1968 ἆὸδὲς
2227 1889 2441 1981 νᾶμα
2508 1889 2787 1958 conatus
2847 1901 2982 1956 mse

744 1984 1018 2108 putandi
1069 1986 1202 2059 sint
1253 1987 1732 2061 emendantium
1746 2039 1774 2081 ,
1857 2011 2134 2085 quorum
2198 1984 2313 2060 alii
2378 2015 2482 2069 ως
2496 2037 2524 2079 ,
2592 1985 2711 2060 alii
2772 1983 2854 2056 ab
2914 2005 2983 2056 se
3066 2063 3067 2070 ἵ

744 2090 909 2189 ipsis
959 2089 1292 2163 inventum
1341 2091 1732 2164 vocabulum
1782 2088 2011 2175 ᾶὸὃες
2058 2089 2427 2242 posuerint,
2472 2089 2737 2188 utrique
2784 2093 2983 2185 νᾶμα

744 2216 983 2292 aquam
1035 2216 1182 2265 esse
1234 2184 1603 2267 eredentes.

951 2291 1052 2367 At
1099 2319 1314 2393 neque
1364 2320 1453 2369 ex
1516 2296 1621 2369 his
1683 2295 1900 2370 verbis
1968 2257 2356 2395 quidquam,
2427 2292 2606 2394 quod
2671 2316 2823 2368 eum
2879 2290 2987 2364 illa

745 2397 884 2473 loci
930 2396 1470 2496 interpretatione
1518 2399 1686 2473 bene
1739 2407 2099 2496 congruat,
2152 2399 2297 2472 erui
2343 2405 2640 2519 potest,
2661 2421 2788 2482 neo
2837 2419 2986 2470 eae·

747 2509 895 2574 tera
944 2499 1106 2572 satis
1157 2507 1340 2573 reete
1387 2503 1778 2599 procedunt.
1896 2501 2195 2576 Primum
2258 2502 2433 2576 enim
2482 2500 2688 2576 nimia
2736 2506 2838 2573 est
2881 2497 2988 2570 illa

748 2626 960 2702 aquae
1011 2605 1579 2678 commemoratio·
1558 2657 1581 2695 ‚
1634 2604 1868 2678 deinde
1917 2605 2179 2703 ignavia
2227 2604 2510 2678 ancillae
2581 2629 2704 2678 eur
2769 2603 2988 2698 singu·-

747 2707 876 2780 lari
923 2706 1038 2780 illo
1092 2709 1173 2782 αἱ
1220 2707 1483 2810 γαλέαι
1529 2715 1890 2805 μαλακῶς
1945 2705 2365 2804 χρῄσὸοντι
2429 2705 2816 2784 καθεῦὸεν
2875 2727 2988 2777 oa-

580 2872 592 2881 .
753 2811 1044 2907 stigetur
1096 2835 1228 2884 non
1294 2819 1607 2909 apparet3
1675 2835 1876 2910 porro
1941 2810 2057 2885 vix
2124 2818 2350 2911 aptum
2411 2819 2623 2898 κινεῦ
2674 2807 2989 2907 (Mum
2791 2864 2812 2905 ‚

614 2916 761 2992 107
764 2913 991 2987 2a11ud
1042 2913 1196 3046 quid
1246 2938 1448 3012 agens
1499 2922 1851 2988 cunctatur
1899 2913 2174 2988 aneilla·
2154 2966 2182 3034 ’.
2241 2921 2383 2988 tum
2449 2939 2760 3011 quorsum
2807 2908 2988 2988 ὕδα-

753 3047 883 3102 τος
933 3014 1304 3115 πρότερον
1353 3016 1492 3106 δεῖ,
1542 3017 1602 3091 si
1640 3018 1815 3093 nihil
1863 3017 1993 3090 nisi
2041 3017 2112 3091 id
2159 3017 2402 3115 ipsum,
2455 3040 2629 3115 aqua
2676 3024 2753 3092 ιιι
2801 3014 2990 3090 affer·-

754 3129 964 3213 retur,
1013 3120 1403 3217 imperatum
1453 3128 1631 3194 erat.
1614 3114 1652 3173 Ρ
1768 3117 2076 3217 Denique
2127 3122 2325 3193 etiam
2391 3118 2597 3218 ὅμως
2663 3144 2796 3193 non
2844 3122 2991 3216 pot-

759 3230 864 3297 est
913 3221 1251 3296 oommode
1301 3222 1648 3321 explicari.
1748 3221 1940 3296 Haeo
1991 3223 2210 3320 omnia
2257 3248 2339 3296 eo
2389 3222 2664 3318 dueunt,
2715 3229 2792 3298 ιιι
2838 3243 2991 3320 pro-

758 3325 974 3401 banda
1021 3324 1320 3399 videatur
1368 3348 1597 3397 eorum
1647 3325 1995 3417 sententia,
2049 3326 2163 3423 qni
2209 3333 2423 3424 νᾶμα
2472 3351 2595 3425 pro
2637 3334 2843 3423 νῆμα
2891 3320 2990 3396 di·-

753 3437 939 3504 otum
962 3434 1295 3527 putanteS‚
1335 3422 1740 3500 Praxinoam
1767 3428 2048 3505 stamina
2072 3436 2139 3502 et
2161 3426 2298 3523 fila,
2343 3429 2574 3527 quibus
2605 3431 2692 3505 ad
2720 3426 2990 3502 nendum

756 3532 862 3606 vel
886 3530 1239 3604 texendum
1268 3554 1392 3602 usa
1418 3537 1587 3624 erat,
1642 3554 1832 3603 suum
1856 3531 2169 3606 inlocum
2193 3533 2425 3636 reponi
2447 3533 2675 3607 iubere
2704 3533 2987 3608 censent.

717 3623 991 3709 Satius
1043 3640 1146 3708 est
1194 3633 1368 3707 enim
1415 3631 1708 3733 proprie
1734 3632 1981 3710 dietum
2031 3635 2301 3709 eredere
2351 3643 2561 3735 νᾶμα
2577 3688 2602 3729 ,
2658 3659 2873 3735 quam,
2920 3633 2992 3702 ut

757 3736 1143 3837 quibusdam
1204 3737 1464 3835 placet,
1530 3744 1779 3810 vestem
1829 3746 1945 3811 aut
1994 3740 2275 3812 mantele
2343 3739 2667 3838 intelligi
2627 3792 2659 3861 ,⁹
2727 3756 2989 3836 quorum

762 3848 1068 3917 neutrum
1117 3840 1257 3914 veri
1306 3840 1517 3913 simile
1567 3848 1685 3914 aut
1732 3841 2045 3916 credibile
2096 3849 2223 3916 est.
2325 3842 2576 3918 Mulier
2622 3839 2988 3942 imperiosa,

762 3945 1157 4021 comitatum
1218 3940 1638 4040 Gorgonem,
1706 3969 1879 4065 qnae
1940 3945 2171 4022 mediis
2222 3944 2365 4020 eius
2426 3947 2707 4043 negotiis
2771 3944 2990 4020 dome-

764 4049 952 4123 sticis
978 4054 1469 4146 supervenerat,
1517 4072 1749 4147 repom
1778 4073 2156 4148 priusquam
2174 4056 2370 4124 exeat
2395 4048 2581 4122 iubet
2603 4073 2770 4147 quae
2783 4040 2990 4140 negliv
3077 4126 3081 4133 .

764 4160 995 4249 genter
1043 4152 1116 4225 in
1164 4149 1329 4225 sella
1387 4150 1494 4224 vel
1558 4151 1847 4225 scabello
1910 4152 2155 4227 iacent.
2272 4149 2486 4248 Igitur
2545 4153 2824 4252 imperat
2870 4168 2991 4217 an·

766 4254 987 4348 eillae,
1035 4261 1113 4330 ut
1161 4254 1440 4329 stamina
1485 4254 1618 4328 ista
1666 4276 1857 4327 suum
1918 4255 1992 4328 in
2052 4255 2274 4329 locum
2334 4255 2617 4351 referat,
2682 4250 3006 4346 simulque.

766 4357 1076 4451 minatur,
1126 4357 1186 4431 si
1233 4359 1471 4436 iterum
1520 4359 1620 4434 sio
1667 4358 1741 4433 in
1789 4357 2003 4433 medio
2054 4358 2353 4457 proiecta
2398 4358 2639 4436 videat.
2687 4354 2813 4432 sio
2834 4353 2991 4425 haec

765 4459 1187 4560 intelligenda
1234 4480 1382 4537 esse
1430 4461 1592 4539 vidit
1655 4461 1787 4538 iam
1850 4460 1912 4538 Ι.
1964 4460 2058 4538 Η.
2108 4460 2418 4538 Vossius.
2533 4462 2716 4539 Tum
2758 4451 2989 4532 acerbe
