3275 5317
968 1365 1489 1443 GRAEGE
1569 1365 1996 1444 VERSA

1431 1581 1544 1631 Ex

362 1742 1169 1832 SCHILLERI
1226 1741 2609 1860 WALLENSTEINIO*).

364 2177 625 2310 Quum
675 2201 828 2290 ante
894 2217 1020 2289 hos
1065 2216 1297 2314 viginti
1362 2239 1568 2290 annos
1636 2215 1811 2291 edito
1864 2218 1951 2289 in
2019 2218 2238 2290 lucem
2303 2214 2618 2292 Schilleri

361 2318 867 2394 Wallensteinio
915 2320 1332 2395 vehementer
1380 2328 1707 2395 commota
1756 2330 1976 2394 essent
2024 2321 2416 2394 nostratium
2469 2329 2618 2394 stu-

360 2421 508 2516 dia,
579 2447 811 2520 -saepe
878 2447 984 2497 me
1037 2424 1259 2496 dicere
1321 2424 1627 2518 memini,
1698 2425 1982 2497 sensisse
2045 2422 2450 2498 Schillerum
2466 2476 2492 2517 ,
2546 2425 2618 2497 in

362 2525 596 2623 quibus
674 2527 871 2599 rebus
950 2527 1169 2624 posita
1253 2536 1430 2600 esset
1509 2535 1747 2601 natura
1826 2525 2133 2602 Graecae
2210 2528 2616 2624 tragoediae,

361 2627 505 2721 sed,
560 2630 865 2725 quoniam
913 2655 1047 2701 non
1096 2632 1568 2728 perspexisset,
1620 2656 1755 2704 non
1806 2632 1967 2704 satis
2019 2632 2262 2704 vitasse
2313 2631 2472 2703 vitia
2501 2656 2620 2703 re-

361 2732 751 2806 centiorum.
855 2730 1089 2829 Neque
1143 2735 1485 2806 exordium
1545 2734 1769 2806 facere
1783 2786 1809 2827 ,
1878 2759 2005 2808 nec
2069 2732 2260 2805 finire
2329 2733 2622 2808 fabulam

362 2836 673 2926 scivisse3
726 2836 976 2932 ingenti
1023 2860 1295 2910 numero
1324 2860 1754 2935 personarum
1782 2837 2261 2911 introducendo
2310 2837 2621 2910 nocuisse

361 2938 767 3035 simplicitati
815 2939 938 3032 illi,
990 2939 1059 3010 in
1112 2963 1242 3036 qua
1290 2940 1579 3012 maxima
1605 2948 1986 3016 cerneretur
2009 2941 2152 3013 laus
2184 2939 2609 3036 tragoediae3

358 3040 567 3114 multa
593 3042 791 3115 etiam
817 3042 889 3113 in
917 3043 1189 3138 singulis
1230 3044 1524 3140 partibus
1558 3043 1934 3137 admisisse,
1990 3067 2157 3141 quae
2196 3067 2238 3115 a
2279 3068 2440 3139 grav
2464 3043 2624 3115 itate

360 3144 738 3242 tragoediae
785 3145 979 3242 plane
1021 3154 1242 3218 essent
1280 3147 1531 3237 aliena3
1573 3155 1908 3219 caeterum
1936 3147 2216 3246 plurima
2246 3170 2392 3218 esse
2437 3112 2620 3239 talia,

362 3256 463 3341 ut,
517 3248 576 3320 si
603 3245 868 3321 Graece
893 3250 1142 3350 scripta
1166 3257 1409 3343 essent,
1439 3247 1706 3323 Graeco
1733 3252 1988 3347 tragico
2024 3276 2157 3323 non
2185 3259 2455 3348 possent
2478 3274 2612 3323 non

363 3350 589 3423 haberi
643 3350 1045 3446 dignissima.
1149 3351 1358 3451 quue
1408 3360 1484 3427 ut
1535 3353 1837 3452 exemplo
1867 3352 2353 3446 confirmarem,
2405 3354 2620 3426 inter-

366 3454 521 3526 dum
571 3454 869 3554 vesperi,
921 3455 991 3527 in
1060 3456 1390 3530 communi
1456 3456 1757 3530 conclavi
1820 3457 2105 3538 familiae
2158 3456 2608 3548 obambulans,

366 3557 481 3628 ubi
530 3556 705 3629 inter
756 3557 1315 3632 confabulationes
1382 3560 1727 3632 mulierum
1791 3586 1925 3633 non
1994 3568 2096 3634 est
2160 3560 2349 3632 seriis
2411 3559 2610 3632 rebus

366 3660 727 3733 tractandis
777 3659 989 3756 locus,
1042 3663 1354 3736 nonnulla
1419 3660 1704 3738 Graecis
1769 3664 2062 3737 versibus
2129 3662 2572 3761 exprimebam
2591 3688 2613 3733 ε

372 3787 533 3860 quas
603 3764 949 3838 schedulas
1028 3766 1261 3840 deinde
1327 3765 1558 3840 amicis
1620 3766 2005 3865 quibusdam
2065 3765 2240 3839 dedi.
2361 3763 2615 3838 Earum

542 4060 600 4141 *)
641 4060 840 4119 Edidit
878 4059 1023 4120 haec
1063 4061 1306 4139 primum
1347 4059 1444 4120 Fr.
1488 4060 1853 4121 Thierschius
1894 4061 1955 4119 in
1997 4058 2153 4119 Actis
2188 4059 2610 4140 philologorum

371 4144 801 4207 Monacensium
857 4151 980 4203 tom
1035 4148 1135 4211 111.
1182 4149 1321 4212 fasc.
1366 4146 1427 4211 '1.
1485 4167 1613 4206 cum
1657 4153 1822 4227 parte
1877 4146 2154 4226 epistolae
2206 4148 2283 4205 ad
2335 4166 2400 4205 se
2452 4164 2616 4204 meae

373 4233 617 4312 scriptae
660 4252 713 4296 a.
762 4233 950 4296 1820.
995 4252 1165 4309 quam
1207 4235 1299 4292 hic
1339 4235 1713 4313 repetendam
1756 4234 1905 4291 duxi.
1991 4232 2078 4291 Ex
2115 4230 2272 4291 Actis
2299 4232 2613 4291 Monacen-

373 4319 526 4376 sibus
571 4338 668 4377 eas
709 4318 1205 4397 interpretationes
1245 4320 1598 4379 recudendas
1656 4320 1868 4378 curavit
1910 4319 2115 4379 Franc.
2175 4318 2439 4376 Giillerus
2495 4318 2612 4376 Co·

374 4404 563 4463 loniae
606 4405 683 4462 ad
724 4404 985 4464 Rhenum
1030 4424 1081 4463 a.
1129 4406 1319 4469 1825.
1361 4409 1422 4464 in
1462 4406 1655 4465 libello
1700 4425 1870 4483 quem
1894 4405 2203 4484 inscripsit:
2246 4397 2610 4485 Μεταφρά-

378 4508 521 4563 σεις.
568 4490 996 4568 Sammlung
1037 4508 1174 4549 von
1216 4492 1890 4570 Uebersetzungen
1931 4493 2042 4550 ins
2087 4489 2606 4551 Griechische.

2056 4576 2198 4648 z2
