3275 5317
1022 468 1751 545 ΤΗΕοοιιιΤΕΑιι
1999 542 2003 548 ,
2374 474 2502 550 na
2622 445 2625 452 '

469 629 562 716 V.
613 640 741 718 58.
790 638 928 715 Hic
978 664 1235 739 quoque
1283 658 1327 715 a
1373 641 1818 740 grammaticis
1867 650 2118 718 mutata
2167 650 2275 725 est.
2309 652 2497 719 vetus

275 742 616 841 scriptura,
668 768 835 842 qnae
885 744 1052 817 haec
1100 745 1264 819 faite

459 879 590 957 καὶ
639 881 781 958 τὸν
828 878 973 980 μεν
1022 879 1385 959 πίστευσα
1436 879 1565 956 καὶ
1616 881 1912 986 ἄγαγον
1964 880 2414 983 &arapennem

267 1016 487 1089 Hunc
513 1017 767 1108 fidem
829 1016 1075 1091 habui
1132 1027 1217 1090 et
1274 1017 1604 1093 extraxi
1655 1018 1742 1092 in
1793 1016 2263 1097 littus.1ta
2328 1021 2516 1096 dixit

265 1146 375 1218 pro
427 1119 833 1207 πιστεύσας
880 1125 1193 1224 ἤγαγον.

456 1220 550 1300 V.
607 1228 730 1300 67.
783 1222 1225 1299 Scribendum
1272 1213 1571 1299 videtur·

451 1359 561 1459 μὴ
613 1360 708 1440 τὺ
758 1357 1011 1461 θάνῃς
1062 1370 1257 1463 λιμῷ
1305 1360 1436 1439 και
1487 1366 1648 1452 σοῖς
1687 1361 2124 1463 χρυσέοισιν
2146 1361 2486 1464 ὄνείροις.

1186 1595 1529 1680 XXVII.

448 1760 727 1851 Initium
775 1775 970 1850 huius
1021 1777 1330 1853 carminis
1383 1776 1829 1851 consideranti
1878 1800 2013 1851 non
2060 1779 2285 1877 potest
2335 1780 2495 1881 quin

261 1879 455 1978 primo
509 1880 834 1979 adspectu
881 1904 1109 1954 verum
1155 1866 1455 1953 videatur
1520 1880 1693 1977 quod
1758 1881 1830 1952 in
1897 1870 2181 1956 editione
2229 1881 2497 1980 Iuntina

260 1984 627 2057 adnotatum
693 1991 832 2076 est,
900 1981 1127 2058 λείπει
1172 1982 1219 2078 ἦ
1290 1979 1506 2080 αρχή.
1624 1979 1751 2055 Sic
1800 1983 2013 2076 enim,
2063 1993 2139 2058 ut
2188 1987 2259 2057 ιιι
2306 1986 2494 2059 libris
2592 1979 2601 1986 ‘

259 2084 408 2160 haec
457 2086 718 2185 scripta
765 2093 943 2178 sunt,
995 2111 1129 2159 non
1169 2094 1485 2184 coeptum
1535 2103 1682 2157 esse
1710 2076 1837 2158 hoc
1869 2086 2286 2185 colloquium,
2341 2090 2489 2186 quis

260 2183 555 2263 dubitet?
658 2185 801 2262 Sed
850 2189 981 2260 alia
1029 2196 1182 2261 sunt
1229 2213 1363 2261 non
1411 2188 1624 2259 minus
1674 2188 1919 2286 inepta.
2043 2190 2209 2283 Quis
2262 2193 2490 2266 credat

262 2292 441 2385 enim,
492 2300 850 2391 postquam
898 2292 1059 2364 satis
1107 2298 1536 2389 perspexerat
1600 2291 1821 2389 puella
1871 2292 2026 2389 quid
2091 2293 2287 2367 vellet
2332 2294 2489 2370 Da-

261 2394 460 2491 phnis),
516 2403 660 2469 tum
714 2393 970 2467 demum
1018 2394 1195 2467 hunc
1244 2418 1480 2490 rogare
1543 2393 1661 2464 illa
1725 2401 1800 2466 ut
1850 2395 1970 2466 sub
2021 2397 2319 2469 umbram
2369 2421 2489 2469 ar-

260 2497 472 2570 borum
529 2511 756 2570 secum
805 2489 1166 2589 concedat,
1244 2521 1372 2594 quo
1426 2496 1489 2569 ei
1538 2495 1785 2593 aliquid
1833 2506 2093 2589 narret3
2163 2524 2488 2598 quumque

261 2623 376 2673 non
423 2601 593 2692 vult,
645 2608 873 2697 petere
922 2607 998 2672 ut
1044 2598 1265 2673 fistula
1314 2599 1575 2672 canenti
1626 2599 1975 2673 auscultet.
2092 2600 2284 2677 Haec
2333 2604 2489 2700 qui-

263 2701 400 2782 dem
437 2704 631 2776 initio
686 2703 993 2800 colloquii
1009 2753 1035 2795 ,
1086 2727 1219 2776 ιιοιι
1269 2696 1521 2774 mediae
1574 2702 2081 2776 confabulationi
2133 2708 2487 2779 convenie-

261 2805 423 2879 bant.
553 2805 818 2878 Deinde
882 2829 1108 2878 versus
1179 2808 1300 2878 18.
1380 2827 1651 2902 prorsus
1716 2805 1935 2902 inepte
2002 2806 2287 2880 insertus
2356 2816 2483 2902 est,

264 2910 361 3005 qui
406 2925 543 2982 non
592 2898 806 2981 solum
854 2909 1268 3005 interrumpit
1319 2915 1386 2980 et
1425 2906 1643 2979 turbat
1667 2907 1962 2979 ordinem
1990 2912 2482 3027 sententiarum,

262 3012 366 3084 sed
412 3013 613 3086 etiam
661 3011 982 3107 insignem
1044 3011 1263 3108 prodit
1312 3009 1728 3082 stoliditatem
1775 2987 2186 3129 Daphnidis,
2253 3014 2364 3112 qui
2411 3014 2485 3086 ιιι

263 3114 458 3189 medio
526 3130 828 3187 sermone
895 3136 1101 3210 eoque
1168 3112 1697 3210 tranquillissimo
1761 3112 1830 3185 vi
1881 3114 2267 3233 amplexari
2288 3116 2485 3215 puel-

261 3215 378 3290 lam
426 3226 727 3291 conetur.
830 3214 1116 3290 Accedit
1163 3216 1339 3313 quod
1403 3239 1628 3288 versus
1692 3215 1805 3287 ille
1877 3217 2073 3290 etiam
2125 3243 2486 3317 στιχομυ-

262 3319 438 3397 θίαν
485 3320 712 3393 violat.
830 3317 1005 3391 Nam
1070 3319 1181 3416 qui
1245 3319 1443 3390 alium
1456 3370 1483 3411 ,
1538 3318 1727 3391 cuius
1776 3340 1859 3392 ne
1912 3320 1993 3391 de
2044 3322 2294 3418 origine
2334 3324 2487 3421 qui-

264 3421 395 3498 dem
446 3430 732 3515 constat,
787 3430 1140 3519 aperteque
1208 3446 1292 3494 ex
1343 3422 1471 3494 hoc
1520 3422 1665 3518 ipso
1730 3446 1923 3494 versu
1973 3422 2326 3497 confictum
2342 3478 2368 3519 ,
2422 3427 2486 3499 ei

261 3526 744 3621 praemiserunt,
798 3526 992 3622 plane
1041 3525 1111 3596 id
1158 3531 1403 3597 temere
1454 3525 1801 3621 inepteque
1833 3524 2153 3600 fecerunt.
2258 3527 2486 3602 Etiam

262 3629 571 3703 secundus
599 3629 906 3700 carminis
931 3652 1184 3721 versus„
1237 3629 1522 3725 scriptus
1572 3635 1649 3699 ut
1698 3651 1872 3700 nunc
1921 3628 2183 3725 legitur,
2239 3638 2307 3703 et
2352 3632 2484 3707 isto

262 3729 423 3826 loco,
474 3732 747 3805 vitiosus
799 3737 923 3803 est.
1023 3729 1202 3803 Nam
1250 3731 1530 3828 primum
1592 3746 1852 3802 versum
1916 3730 2285 3829 Daphnidis
2337 3759 2485 3808 esse

261 3832 393 3931 ipsa
454 3835 652 3908 verba
713 3834 1020 3932 produnt.
1153 3832 1279 3905 Ele
1362 3832 1687 3906 secundus
1775 3842 1992 3907 autem
2058 3859 2190 3908 non
2265 3846 2488 3937 potest
2622 3901 2625 3906 .

262 3937 503 4031 puellae
554 3960 735 4010 esse·
786 3961 996 4034 neque
1046 3961 1202 4009 vero
1250 3934 1556 4033 Daphnis
1604 3936 1701 4008 ita
1749 3936 1929 4033 loqui
1975 3940 2222 4058 potnit3
2290 3964 2484 4037 quem

262 4040 541 4134 profecto
594 4063 730 4112 non
780 4040 1075 4113 osculata
1127 4048 1228 4112 est
1278 4040 1522 4138 puella.
1626 4037 1818 4111 Haec
1848 4041 2063 4112 omnia
2114 4042 2226 4138 qui
2273 4067 2480 4140 repu-

262 4144 504 4235 taverit,
556 4167 688 4215 non
737 4142 965 4215 deesse
1016 4143 1289 4216 carmini
1335 4144 1590 4215 initium
1604 4194 1629 4234 ‚
1700 4142 1818 4214 sed
1881 4163 2005 4239 per
2051 4168 2338 4216 errorem
2385 4143 2477 4217 li-

262 4241 611 4318 brariorum
659 4246 988 4319 turbatum
1037 4271 1184 4320 esse
1235 4247 1527 4319 ordinem
1577 4268 1880 4318 versuum
1918 4246 2258 4342 intelliget.
2326 4246 2474 4320 Re·-

204 4346 479 4420 stituto
523 4350 698 4422 iusto
750 4349 975 4422 ordine
988 4400 1015 4441 ‚
1078 4349 1332 4447 levique
1357 4348 1535 4422 facta
1584 4347 2101 4423 emendatione
2079 4375 2151 4421 ιιι
2198 4356 2574 4446 versu,l()7
2577 4363 2626 4433 9

265 4449 366 4543 qui
409 4450 482 4522 ιιι
524 4451 710 4524 libris
759 4452 1085 4526 secundus
1133 4461 1260 4548 est,
1309 4452 1532 4528 omnia
1589 4450 1973 4551 procedent
1998 4452 2403 4530 rectissime.-

355 4549 619 4646 llqmu.
674 4551 814 4630 Or.
864 4554 959 4629 V.
2002 4553 2073 4629 Η
