3275 5317
907 439 1028 500 DE
1069 422 1443 501 FABVLA
1484 437 1885 502 ‘roeA‘rA
2389 439 2518 507 2⁵⁷

285 602 652 679 tribuimus,
758 590 954 694 Quod
1000 597 1380 674 Athenaeus
1442 597 1572 673 VI.
1636 625 1709 698 p.
1776 605 1954 674 261.
2026 600 2107 675 G.
2153 604 2256 677 ¹de
2318 588 2518 680 'Sulla

285 706 551 780 scribit=
606 704 1104 803 ἐμφανίζουσι
1154 703 1238 779 <5³
1294 704 1532 807 αὐτοῦ
1581 704 1671 779 τὸ
1724 704 1895 804 περὶ
1943 715 2188 781 ταῦτα
2252 709 2517 805 ἱλαρὸν

285 808 542 886 ozi-15:11²
595 809 833 884 αὐτοῦ
884 813 1290 909 γραφεῖσαι
1342 807 1742 904 σατυρικαὶ
1782 809 2177 907 κωμῳδίαι
2223 820 2315 908 τῇ
2368 842 2516 887 πα-

280 910 471 1011 τρίῳ
525 919 773 1008 φωνῇ,
826 935 1024 1009 quum
1071 912 1132 983 is
1181 935 1315 984 nou
1367 907 1683 1008 σάτυροι
1732 919 1848 984 aut
1898 910 2255 1013 δράματα
2287 943 2519 991 σατυ-

283 1016 460 1111 ρικὰ
513 1015 714 1107 dicat,
767 1014 827 1086 si
876 1039 1008 1088 non
1059 1022 1183 1107 est,
1250 1014 1328 1087 ut
1396 1012 1786 1088 casaubono
1840 1015 1923 1088 de
1988 1018 2272 1113 satyrica
2333 1022 2519 1117 poesi
2637 1030 2646 1035 ’

280 1118 378 1193 Π.
434 1122 512 1192 4.
564 1118 925 1210 videbatur,
981 1117 1065 1189 ad
1113 1115 1457 1190 Atellanas
1507 1117 1919 1191 referendum
1934 1170 1960 1211 ,
2032 1120 2112 1193 de
2165 1123 2518 1196 comoediis

220 1253 227 1259 2
277 1221 559 1317 intelligi
608 1227 848 1319 potest,
902 1221 1133 1319 quibus
1182 1221 1294 1293 ille
1360 1228 1579 1294 certos
1645 1220 1937 1294 homines
2000 1222 2214 1298 facete
2265 1224 2518 1298 derise-

276 1327 392 1400 rit.
501 1323 908 1420 Quamquam
956 1348 1076 1421 pro
1127 1322 1414 1395 moribus
1464 1320 1723 1417 Sullae,
1775 1325 2000 1422 quales
2067 1350 2182 1400 cos
2245 1327 2520 1403 Plutar-

282 1430 446 1503 chus
500 1427 571 1498 in
619 1428 753 1500 vita
821 1427 961 1498 eius
1027 1450 1091 1500 c.
1146 1429 1219 1499 2.
1293 1426 1681 1524 descripsit,
1745 1450 1879 1499 non
1939 1429 2321 1502 incredibile
2390 1440 2515 1522 est,

282 1557 434 1605 eum
495 1530 702 1601 etiam
768 1526 991 1603 Oscos
1056 1529 1241 1602 iocos
1307 1526 1761 1603 Atellanarum
1813 1531 2133 1627 attigisse.
2264 1531 2518 1606 Versus

282 1643 503 1709 autem
530 1632 644 1705 ille
694 1631 869 1730 apud
917 1631 1204 1704 Marium
1254 1630 1673 1707 Victorinum
1721 1658 1793 1731 p.
1849 1636 2075 1707 2591.
2389 1654 2392 1655 ’

694 1782 931 1877 agite,
962 1783 1266 1879 fugite,
1320 1783 1639 1883 quatita,
1701 1783 1997 1880 Satyri,

282 1963 478 2037 quem
531 1933 959 2010 Gasaubonus
1014 1962 1269 2034 quoque
1317 1962 1438 2036 pro
1491 1939 1884 2012 documento
1950 1936 2346 2015 Latinorum
2395 1942 2521 2013 ha-

280 2043 479 2114 bebat
529 2048 917 2135 satyrorum,
971 2041 1053 2111 ab
1103 2040 1248 2136 ipso
1300 2040 1725 2136 grammatico
1740 2092 1766 2133 ,
1833 2042 2083 2139 pariter
2149 2050 2225 2115 ut
2274 2044 2521 2142 aliquot

284 2144 399 2217 alii
448 2167 676 2216 versus
689 2195 716 2236 ,
783 2142 1001 2216 factus
1063 2142 1343 2215 videtur.
1460 2140 1678 2215 Porro
1748 2145 1924 2241 quod
1986 2143 2329 2219 Vitruvius
2393 2149 2521 2221 tria

284 2256 530 2345 genera
606 2269 952 2332 scenarum
1002 2252 1345 2337 memorat,
1398 2244 1756 2342 tragicam,
1838 2248 2160 2321 comicam
2175 2301 2200 2342 ,
2283 2251 2525 2346 satyri-

284 2375 433 2425 cam
450 2400 476 2442 ,
528 2373 660 2421 non
710 2354 1038 2446 putamus,
1090 2355 1165 2421 ut
1213 2345 1617 2420 Neukirchio
1646 2349 1890 2446 placet,
1940 2360 2294 2451 propterea
2343 2362 2526 2449 saty-

234 2464 397 2527 'ros
475 2452 745 2544 testari,
824 2451 998 2548 quod
1071 2475 1237 2549 quae
1312 2451 1715 2551 praecedunt
1781 2478 2077 2552 quaeque
2169 2465 2527 2553 sequuntur

284 2556 370 2629 'ad
418 2555 792 2635 Romanum
855 2555 1180 2628 theatrum
1228 2556 1578 2654 pertinent.
1694 2552 1944 2630 Exstat
2009 2558 2195 2631 locus
2258 2560 2370 2632 ille
2435 2560 2528 2653 li-

136 2732 153 2739 ,
283 2660 402 2733 bro
471 2657 565 2731 V.
635 2683 698 2731 c.
765 2660 840 2732 7.
909 2659 1170 2756 agitque
1254 2658 1474 2756 potius
1537 2659 1838 2732 universe
1904 2660 1987 2732 de
2066 2662 2321 2737 theatro
2342 2688 2364 2733 ε
2456 2662 2528 2734 iu

136 2832 141 2837 ,
287 2786 418 2860 qua
468 2787 543 2835 re
607 2758 949 2835 Vitruvius
1020 2786 1151 2834 non
1218 2761 1427 2833 solum
1441 2813 1468 2854 ,
1547 2770 1623 2834 ut
1689 2771 2087 2837 consuerunt
2169 2765 2526 2862 scriptores
2599 2766 2604 2773 ’

284 2866 759 2957 Romanorum,
814 2889 901 2937 ex
928 2862 1212 2938 Graecis
1262 2863 1551 2937 fontibus
1602 2864 1845 2957 bausit,
1898 2864 2016 2937 sed
2059 2865 2280 2949 debuit
2331 2867 2526 2940 etiam

287 2967 592 3043 Graecos
658 2976 737 3039 ut
801 2993 1005 3064 regno
1068 2967 1527 3052 Romanorum
1582 2969 2087 3065 comprehensos
2166 2970 2523 3068 respicere.

282 3071 590 3168 Denique
655 3068 970 3144 Horatius
1036 3071 1103 3141 in
1158 3070 1435 3169 epistola
1498 3070 1581 3143 ad
1645 3069 1925 3143 Pisones
1991 3097 2055 3144 v.
2111 3072 2288 3145 225.
2342 3072 2528 3157 vide-

283 3183 392 3248 tur
444 3173 703 3271 quidem
751 3182 1105 3271 praecepta
1169 3182 1421 3271 satyros
1472 3172 1798 3247 scribendi
1838 3174 1992 3247 dare
2007 3227 2033 3268 ,
2086 3175 2204 3247 sed
2251 3184 2530 3273 possunt

283 3278 399 3351 illa
448 3282 585 3349 non
632 3277 843 3349 minus
896 3277 995 3350 sic
1046 3277 1223 3351 dicta
1272 3301 1444 3371 esse,
1497 3285 1571 3350 ut
1620 3278 1973 3371 doceatur,
2046 3279 2367 3378 quomodo
2416 3280 2528 3352 iu-

285 3380 548 3455 dicandi
598 3380 731 3453 sint
780 3379 1013 3479 scripti
1062 3404 1104 3452 a
1142 3378 1425 3454 Graecis
1476 3382 1703 3478 satyri.
1808 3377 2070 3454 Verene
2124 3383 2343 3457 conati
2397 3382 2530 3456 sint

285 3483 570 3564 Romani
635 3483 763 3557 hoc
827 3508 1032 3579 genus
1082 3484 1340 3556 fabulae
1388 3492 1716 3577 tractare,
1783 3484 1912 3556 nisi
1963 3484 2109 3557 aliis
2175 3508 2526 3581 argumen-
2610 3510 2614 3519 ·

286 3589 372 3664 tis
438 3586 943 3679 demonstretur,
998 3587 1262 3661 dubium
1314 3596 1552 3660 manet.
1848 3666 1852 3671 ,

312 3712 324 3720 ·
491 3688 601 3763 De
653 3689 889 3762 fabulis
942 3692 1370 3788 praetextatis
1423 3691 1778 3766 assentitur
1847 3689 2289 3765 Neukirchius
2355 3691 2525 3767 Nie-

286 3793 517 3866 buhrio
581 3793 653 3863 in
716 3791 1013 3866 Historia
1075 3793 1376 3867 Romana
1440 3795 1570 3867 vol.
1644 3794 1705 3867 I.
1773 3820 1843 3891 p.
1914 3795 2088 3868 543.
2157 3795 2367 3892 (578.
2422 3797 2525 3869 ed.

286 3896 554 3990 tertiae)
610 3919 723 3968 eas
774 3920 908 3969 non
957 3898 1222 3995 proprie
1271 3897 1644 3993 tragoedias
1709 3897 1938 3988 fuisse,
2016 3897 2190 3995 quod
2238 3924 2371 3971 non
2419 3899 2528 3970 fa-

246 4000 544 4105 bulosa,
596 3999 717 4070 sed
764 3999 1078 4072 historica
1128 4011 1546 4096 argumenta,
1614 4006 1809 4097 atque
1860 4000 2024 4073 adeo
2074 4012 2194 4072 res'
2233 4009 2372 4074 tum
2423 4002 2528 4073 vi-

288 4103 576 4176 ventium
627 4101 958 4175 hominum
1007 4104 1465 4177 tractaverint:
1536 4102 1655 4175 sed
1702 4104 1944 4175 fatetur
2008 4111 2227 4176 tamen
2272 4128 2344 4201 p.
2401 4107 2445 4177 3
2459 4109 2526 4177 l.

291 4205 348 4276 si
397 4204 774 4301 tragoediae
798 4206 1154 4299 notionem,
1207 4215 1281 4300 ut
1331 4207 1523 4280 hodie
1575 4207 1836 4278 solitum
1866 4213 1990 4299 est,
2046 4207 2524 4299 constituimuS‚

291 4308 450 4379 nihil
498 4308 631 4380 ista
682 4308 965 4400 obstare,
1034 4311 1190 4406 quin
1252 4309 1603 4405 tragoediis
1669 4308 2192 4382 adnumerentur.
2312 4307 2406 4385 In‘
2448 4336 2527 4384 eo

276 4418 509 4485 ‘autem
558 4418 742 4483 recte
796 4411 1094 4485 dissentit
1146 4436 1188 4484 a
1235 4410 1593 4485 Niebuhrio
1611 4464 1635 4503 ,
1692 4411 1865 4508 quod
1895 4410 1973 4484 'is
2024 4412 2276 4486 fabulas
2327 4436 2527 4512 prae-

393 4511 667 4587 ΗΕιιΜ.
722 4509 863 4587 Or.
914 4512 1007 4587 V.
2052 4513 2121 4588 R
