3275 5317
1102 472 1630 542 ronTARvn
1673 483 1782 543 ete.
2423 472 2555 541 ml

310 662 534 736 peque
583 636 760 710 idem
809 661 1038 710 versus
1105 637 1304 710 etiam
1353 637 1578 711 eadem
1629 638 1697 709 in
1742 638 2038 736 ⁸stropha
2086 639 2277 711 redit.
2382 635 2557 712 Gre-

309 741 537 827 derem
589 765 749 814 vera
813 740 1034 814 dicere
1093 740 1503 814 Boeekhimn
1521 793 1547 833 ,
1625 742 1687 814 si
1765 741 1963 814 etiam
2027 740 2141 839 qni
2202 748 2559 839 sequuntur

311 868 549 917 versus
616 843 911 917 eamdem
975 851 1251 941 utroque
1314 843 1464 916 loeo
1528 843 1969 916 membrorum
2036 844 2559 917 coniunctionem

310 947 422 1021 vel
484 945 804 1021 haherent
865 946 971 1020 vel
1034 970 1168 1019 non
1216 943 1444 1018 'dubiis
1506 946 1768 1020 indiciis
1834 946 2211 1045 proderent.
2329 943 2430 1020 At
2489 946 2563 1018 id

309 1075 452 1123 non
503 1056 643 1122 este
697 1049 936 1122 diversi
986 1049 1160 1122 enim
1206 1056 1361 1122 sunt
1407 1050 1662 1122 numeri
1675 1102 1701 1142 ,
1768 1057 1839 1122 et
1902 1074 2023 1123 suo
2088 1051 2345 1147 utrique
2410 1049 2562 1122 loeo

308 1153 485 1226 tales
500 1204 529 1245 ,
596 1160 675 1225 ut
737 1177 872 1224 non
920 1152 1113 1227 modo
1176 1152 1335 1225 iusti
1385 1152 1650 1250 aptique
1702 1153 1835 1225 sint
1848 1204 1875 1245 ,
1943 1152 2063 1225 sed
2125 1153 2300 1225 vitiis
2368 1152 2567 1224 etiam

310 1263 594 1330 eareant
642 1254 800 1348 illis,
853 1279 1020 1353 quae
1072 1254 1397 1329 mutandis
1449 1256 1734 1327 numeris
1797 1255 1982 1327 illata
2047 1280 2194 1328 esse
2249 1255 2561 1327 videmus.

310 1355 433 1430 Ad
480 1358 650 1459 haee
700 1383 836 1432 non
884 1357 1178 1454 intelligo
1252 1356 1408 1455 quid
1457 1357 1840 1455 responderi
1887 1358 2144 1456 possit,
2199 1365 2273 1430 ιιι
2322 1357 2564 1431 erroris

309 1446 700 1558 arguamur.
804 1457 928 1553 At,
979 1460 1256 1559 inquiet,
1309 1459 1662 1579 aptissime
1697 1461 1830 1532 illis
1880 1460 2121 1553 verbis,
2189 1456 2561 1559 ψεύσταν,

311 1563 624 1651 ἄδικον,
676 1559 1091 1659 προδόταν,
1146 1561 1415 1660 stropha
1462 1561 1720 1660 incipit.
1837 1561 2063 1635 Vero.
2133 1588 2341 1663 neque
2392 1564 2568 1637 enim

310 1691 519 1766 nego,
572 1667 693 1740 sed
743 1665 996 1739 affirmo
1045 1666 1212 1764 ipse,
1264 1688 1463 1763 quum
1524 1666 1914 1763 praesertim
1977 1666 2219 1764 optime
2286 1666 2568 1764 epitritis

310 1769 593 1843 finiatur
641 1769 937 1868 stropha,
992 1769 1104 1867 qui
1155 1777 1310 1842 sunt
1356 1767 1430 1838 in
1479 1767 1710 1841 ultimo
1759 1793 1955 1842 versu
2003 1769 2375 1865 fragmenti.
2426 1767 2570 1841 Iam

314 1874 469 1972 quis
524 1873 846 1969 ostendet,
899 1872 1054 1970 quia
1099 1872 1267 1944 haee
1316 1870 1575 1943 initium
1622 1878 1778 1943 sunt
1806 1873 2199 1967 systematiS,
2251 1872 2570 1945 antistro-

310 1978 523 2077 pham
566 1958 700 2049 1ιοο
750 1983 1033 2072 systema
1081 1999 1228 2047 esse
1243 2025 1269 2065 ,
1323 1996 1405 2046 ae
1452 1997 1586 2046 non
1596 2024 1624 2066 ,
1692 1973 1866 2071 qnod
1913 1974 2060 2072 pari
2119 1974 2262 2048 iure
2312 1998 2570 2047 sumere

313 2080 483 2154 lieet
494 2131 523 2172 ,
573 2078 833 2152 initium
882 2102 1029 2150 esse
1081 2085 1220 2151 stro
1267 2075 1416 2168 hae,
1466 2076 1584 2148 illa
1633 2084 1881 2169 autem,
1935 2101 2101 2175 quae
2139 2077 2567 2175 praecedunt,

313 2183 543 2287 epodi
572 2207 802 2255 versus
853 2189 1220 2279 postremos
1355 2176 1763 2252 Crediderim
1813 2204 1936 2276 ego
1990 2179 2250 2299 quidem
2299 2180 2425 2254 hoo
2474 2181 2570 2253 ita

315 2312 473 2360 esse
529 2293 979 2383 comparatum
991 2336 1019 2378 ,
1068 2291 1185 2377 ιιι,
1254 2306 1452 2403 quum
1502 2283 1603 2356 sio
1655 2284 1905 2356 servari
1952 2283 2236 2382 possint
2255 2284 2572 2357 librorum

315 2389 723 2488 scripturae,
777 2412 988 2486 neque
1041 2395 1158 2460 aut
1206 2386 1566 2459 mutatione
1615 2386 1800 2459 verbi
1848 2387 2072 2481 ullius,
2127 2394 2241 2459 aut
2291 2387 2568 2460 eiectio-

317 2517 435 2586 ne,
489 2500 608 2566 aut
655 2489 1187 2591 transpositione,
1240 2496 1356 2561 aut
1403 2489 1699 2563 hiatuum
1746 2490 2157 2563 insolitorum
2223 2489 2570 2563 admissio-

318 2620 407 2670 ne
460 2619 632 2694 opus
683 2595 796 2688 sit,
863 2618 997 2667 non
1046 2594 1260 2667 solum
1306 2592 1705 2691 probabilior
1767 2592 1932 2666 haee
1982 2594 2152 2667 ratio
2167 2644 2194 2688 ,
2264 2593 2383 2666 sed
2446 2618 2572 2666 ne-

321 2699 625 2773 cessaria
666 2697 1035 2771 existimari
1084 2697 1342 2773 debeat.
1460 2693 1636 2769 Nam
1688 2696 1844 2793 quid
1893 2695 2156 2769 tandem
2207 2704 2348 2789 est,
2401 2696 2574 2794 quod

324 2803 476 2900 quis
528 2802 855 2903 vituperet
903 2801 974 2873 in
1021 2799 1164 2873 his·

540 2954 698 3030 ἀλλ’
752 2959 821 3029 εἰ
867 2947 1048 3057 τύγε
1102 2948 1566 3029 Παυσανίαν
1614 2948 1666 3045 ἢ
1717 2949 1846 3024 καὶ
1892 2946 2072 3054 τύγε
2114 2932 2574 3031 Ξανθιππον

1462 3054 1731 3137 αἶνέὲις

540 3158 592 3257 ἢ
641 3156 824 3263 τύγε
874 3156 1405 3256 Λευτυχίδαν,
1475 3155 1623 3259 ἐγὼ
1687 3155 1768 3232 δ’
1828 3154 2317 3256 Ἀριστείδαν
2368 3159 2576 3231 ἐπαι-

1458 3260 1606 3338 νέω

542 3364 760 3466 ἄνδρ’
815 3368 1028 3497 ἱερᾶν
1078 3365 1203 3442 ἀπ’
1250 3366 1618 3441 Ἀθανᾶν

542 3474 795 3546 ἐλθεῖν
871 3470 1008 3546 ἕνα
1089 3476 1412 3570 λῷστον·
1495 3466 1652 3542 ἐπεὶ
1722 3467 2203 3566 &salomaei-⁷⁸2³
2284 3468 2576 3563 ἤχθαρε

1468 3564 1749 3657 Λατώ,

343 3702 538 3777 στρ.
643 3670 1010 3776 ψευσταν,
1064 3673 1375 3769 ἄδικον,
1427 3670 1854 3804 προδόταν,
1921 3671 2005 3757 ὃς
2078 3672 2581 3773 Τιμοκρέοντα

1467 3783 1713 3863 ξεῖνον
1764 3772 1953 3852 ἐόντ’
1991 3860 1995 3865 ,

550 3878 940 4013 ἀργυρίοις
993 3884 1557 3980 σκυβαλικτοῖσι
1606 3877 1944 3963 πεισθεὶς
1994 3880 2087 3955 οὐ
2139 3858 2465 3982 κατᾶγεν

548 3990 619 4070 ἐς
671 3983 975 4085 πάτραν
1017 3981 1384 4079 Ἰάλυσον,

551 4088 819 4190 λαβὼν
869 4086 955 4166 δε
1004 4089 1144 4187 τρῖ
1200 4085 1572 4191 ἀργυρίου
1623 4082 1926 4163 ταλαντ’
1997 4085 2139 4183 ἔβα
2189 4084 2432 4157 πλέων
2482 4089 2584 4167 εἰς

1469 4192 1824 4289 ὄλεθρον,

555 4297 729 4382 τοὺς
779 4293 923 4396 μὲν
989 4292 1346 4400 κατάγων
1399 4290 1719 4386 ἀδίκως,
1783 4289 1962 4373 τοὺς
2026 4286 2109 4363 δ’
2179 4284 2585 4380 ἐκδιώκων,

1471 4395 1653 4481 τοὺς
1702 4391 1789 4470 δὲ
1840 4390 2152 4479 καίνων,

2583 3389 2676 3456 19
