3275 5317
1313 1298 2509 1418 ADNOTATIONESD

1799 1499 1909 1548 AD

1018 1648 1139 1712 ιο.
1197 1600 1503 1710 ΗΕΝΒ.
1558 1598 2218 1712 Nevnincnu
2280 1646 2692 1740 LlnnvM
2787 1708 2792 1714 .

1805 1827 1908 1875 DE

741 1973 1259 2062 FABVLA
1373 1967 1951 2058 TOGATA
2061 1940 2962 2077 ROMANORVM·,

1285 2143 1932 2224 editum-Lipsiae
1988 2163 2044 2207 a.
2108 2139 2398 2222 1833*).
2506 2143 2510 2147 ’

738 2539 867 2649 Io.
920 2574 1128 2651 Henr.
1180 2573 1618 2649 Neukirchius
1681 2574 1752 2645 in
1803 2572 2256 2646 dissertatione
2269 2626 2295 2666 ,
2378 2599 2570 2674 quam
2630 2575 2968 2673 praemisit

735 2679 1114 2777 fragmentis
1162 2678 1522 2751 fabularum
1572 2686 1937 2774 togatarum
1952 2730 1978 2770 ,
2048 2702 2245 2774 quum
2308 2677 2389 2749 de
2441 2678 2712 2751 diversis
2761 2704 2968 2776 gene-

735 2785 914 2857 ribus
965 2782 1185 2881 poesis
1237 2778 1539 2855 scenicae
1591 2780 1766 2878 apud
1829 2781 2163 2854 Romanos
2228 2790 2655 2878 exponeret,.
2703 2783 2819 2853 ubi
2886 2782 2968 2855 ad

654 2934 657 2939 -
736 2887 1064 2960 mimicam
1088 2886 1318 2984 poesin
1352 2885 1552 2977 venit,
1607 2885 1909 2981 quoniam
1937 2885 2056 2956 alii
2085 2884 2439 2982 scriptores
2470 2885 2665 2958 mimo
2700 2882 2969 2958 Graeca

737 2998 1140 3086 argumenta,
1192 2988 1599 3086 planipediae
1663 2987 1965 3060 Romana
2014 2986 2341 3080 tribuunt,
2409 2987 2508 3061 sic
2571 2988 2843 3081 statuit,
2897 2995 2970 3060 nt

735 3094 916 3164 mimi
963 3117 1201 3166 nomen
1250 3091 1480 3164 latiore
1531 3089 1901 3186 significatu
1949 3098 2292 3187 utrumque
2341 3114 2546 3185 genus
2591 3090 2968 3188 complecti,

738 3196 1108 3290 angustiore
1160 3192 1629 3288 significatione
1683 3202 1898 3267 autem
1950 3218 2030 3267 eo
2082 3217 2272 3290 quem
2338 3193 2617 3264 diximus
2682 3193 2877 3266 modo
2930 3217 2972 3265 a

736 3296 1107 3394 planipedia
1160 3295 1443 3387 differre,
1497 3295 1614 3367 sed
1665 3295 1975 3392 dignitate
2025 3319 2252 3394 parem
2299 3296 2496 3369 mimo
2551 3321 2697 3369 esse
2748 3296 2970 3394 plani-

737 3398 996 3498 pediam
1097 3406 1379 3496 putaret.
1482 3397 1633 3471 Hoc
1682 3406 2080 3497 postremum
2128 3399 2199 3470 in
2260 3399 2627 3495 antiquiora
2689 3399 2970 3472 fortasse

741 3502 935 3575 cadat
1010 3509 1343 3600 temporat
1421 3508 1655 3601 postea
1719 3526 1872 3591 vero
1938 3501 2234 3600 planipes
2302 3502 2737 3599 contemptior
2800 3509 2967 3575 erat.

738 3602 913 3677 Nam
942 3603 1277 3678 Ausonius
1303 3602 1716 3702 Symposiac.
1746 3602 1909 3676 VH.
1944 3607 2018 3677 8.
2064 3605 2143 3676 de
2176 3628 2301 3701 quo
2331 3605 2480 3677 loco
2515 3604 2791 3677 multum
2825 3604 2969 3677 dis-

737 3715 1036 3806 putatum
1088 3718 1190 3784 est
1238 3732 1280 3778 a
1327 3706 1482 3779 viris
1534 3707 1746 3780 doctis
1761 3758 1787 3800 ,
1855 3732 2052 3805 quum
2116 3715 2473 3780 extenuans
2524 3715 2751 3780 artem·
2783 3731 2970 3780 suam

737 3835 810 3883 se
861 3834 1002 3883 nec
1052 3809 1144 3882 de
1194 3809 1419 3882 minw
1456 3809 1950 3912 planipedem
2023 3835 2164 3882 nec
2231 3809 2323 3881 de
2388 3809 2781 3882 comoedia
2846 3809 2971 3884 ln·-

739 3913 1107 4005 strionem
1156 3924 1372 4008 vocat,
1425 3940 1557 3988 non
1605 3914 1854 4010 indiget
1905 3915 2305 4007 coniectura,
2359 3939 2524 4012 qnae
2572 3915 2836 4013 prolata
2868 3920 2967 3986 est

741 4044 810 4115 p.
865 4021 935 4092 7.
1027 4043 1168 4090 nec
1237 4017 1329 4089 de
1396 4017 1621 4089 mioem)
1682 4016 2166 4117 planipedem
2226 4041 2369 4089 nec
2434 4017 2525 4089 de
2593 4015 2969 4089 comoedis

741 4119 1216 4215 histrionem,
1267 4122 1363 4195 ita
1410 4129 1486 4195 ut
1518 4119 1880 4219 planipes
1931 4120 2023 4192 de
2054 4119 2279 4192 mimo
2333 4122 2422 4194 sit
2470 4119 2742 4217 mimus
2777 4120 2969 4221 pla-

910 4379 971 4460 *)
1013 4381 1333 4460 Excerptae
1387 4401 1457 4441 ex
1513 4383 1727 4465 diurnis
1784 4382 2067 4443 litterariis
2109 4382 2495 4463 Lipsiensibus
2538 4403 2589 4447 a.
2640 4385 2828 4447 1833.
2890 4402 2967 4446 ιιι.

745 4461 1050 4525 Novembr.
1090 4486 1146 4529 n.
1193 4464 1320 4531 276
1335 4502 1413 4512 --
1432 4464 1575 4532 279.
