3275 5317
1083 411 1805 482 THEOCRITEAE.
2463 409 2555 484 83

320 579 392 652 in
432 528 565 672 bis,
617 574 773 654 ἐπεὶ
819 557 1158 675 κᾶλαμὸς
1205 605 1292 679 γε
1328 574 1798 673 ὃιασχισθεὶς
1827 574 2237 674 διέτμαξεν.
2336 574 2552 652 Recte

314 680 430 755 hio
482 680 747 777 vulgata
791 708 913 777 με,
965 679 1139 777 quod
1188 678 1532 753 offensioni
1577 680 1704 753 fuit
1750 679 2032 752 librariis
2062 702 2195 752 non
2243 677 2550 779 eogitau-
2664 732 2668 736 -

316 784 494 858 tibus
545 806 821 880 puerum
872 783 1091 856 dicere
1140 781 1531 880 ὃιέτμαξέν
1577 812 1674 880 με
1724 782 1865 858 τὸν
1912 776 2312 858 δάκτυλον.

522 882 621 960 V.
671 889 798 960 34.
851 884 1064 977 Quem
1112 885 1487 959 Meinekius
1539 907 1628 959 ex
1689 884 1966 959 Polluce
2013 882 2146 958 IV.
2204 887 2376 960 102.
2440 885 2550 959 af-

314 990 445 1063 fert
494 1012 778 1082 versum,
831 988 959 1062 etsi
1006 988 1150 1062 iure
1203 988 1364 1061 dieit
1411 988 1584 1061 male
1633 1012 1681 1060 a
1724 986 2065 1062 Brunokio
2116 995 2186 1061 et
2234 984 2331 1061 Ο.
2362 985 2551 1061 Miil-

314 1092 454 1165 lero
505 1098 860 1168 tractatum
909 1114 1056 1163 esse
1069 1141 1097 1184 ,
1162 1097 1384 1165 tamen
1445 1091 1588 1188 ipse
1657 1115 1912 1189 quoque
1962 1089 2307 1165 violentius
2356 1114 2551 1187 quam

315 1218 483 1291 opus
535 1202 682 1267 erat
729 1193 1116 1268 emendavit.
1216 1191 1291 1267 Is
1340 1193 1402 1267 si
1450 1192 1825 1268 trochaicus
1872 1192 1999 1267 fuit
2009 1244 2039 1288 ,
2090 1191 2193 1266 sio
2241 1192 2546 1268 seriben-

317 1296 437 1369 dus
487 1297 774 1370 videtur}

510 1431 684 1530 χίλι’
739 1430 903 1518 ἅτις
952 1427 1150 1509 ποκοὶ
1199 1429 1469 1532 βίβατι
1511 1437 1819 1509 πλεῖστα
1846 1429 1944 1528 δὴ
1972 1435 2133 1509 τῶν
2154 1427 2458 1509 πᾶποκα
2472 1453 2491 1470 ·
2537 1501 2552 1516 ,

316 1569 415 1643 sin
466 1594 556 1644 ex
603 1568 863 1665 iambis,
915 1569 1015 1644 sio
1035 1595 1058 1641 ε

1872 1702 2083 1804 χίλιοι

515 1808 570 1884 ἅ
621 1835 819 1885 ποκα
866 1806 1137 1907 βίβατι
1183 1811 1494 1884 πλεῖστοι
1542 1805 1640 1904 δὴ
1689 1813 1849 1884 τῶν
1895 1803 2221 1884 ποίποκα.

512 1942 610 2019 V.
659 1948 789 2019 43.
839 1942 910 2018 N
908 1968 997 2018 on
1043 1951 1263 2044 potest
1307 1942 1552 2037 scribi,
1614 1949 1692 2015 ut
1737 1940 2076 2016 Meinekio
2114 1942 2325 2017 visum
2420 1946 2543 2023 ἔν-

312 2054 425 2127 θα
476 2046 673 2124 καλὰ
719 2047 916 2132 Ναῒς
965 2044 1416 2123 ἐπινίσσεται
1432 2070 1455 2117 =
1509 2045 1727 2118 obstat
1777 2045 1951 2117 enim
1987 1994 2544 2143 productio’bre-

312 2155 409 2227 vis
457 2151 743 2249 syllabae
792 2173 926 2224 non
972 2150 1172 2223 iusta.
1274 2148 1552 2222 Minime
1619 2147 1893 2220 elumbis
1952 2147 2065 2223 hio
2113 2147 2344 2222 versus
2393 2159 2499 2225 est
2515 2176 2540 2224 ε

313 2257 428 2329 sed
496 2254 893 2352 sequebatur
955 2251 1329 2326 Meinekius
1395 2248 1824 2324 Valckenarii
1903 2249 2048 2324 leve
2112 2259 2182 2325 et
2244 2251 2543 2327 inconsi-

313 2360 610 2433 deratum
655 2355 997 2449 iudicium,
1051 2355 1164 2453 qui
1213 2362 1283 2428 et
1328 2354 1402 2426 in
1451 2352 1975 2426 adnotationibus
2025 2361 2095 2428 et
2141 2354 2213 2425 in
2263 2355 2544 2454 epistola

314 2462 394 2535 ad
430 2460 805 2534 Roeverum
853 2458 1178 2556 spondeos
1245 2480 1313 2532 v.
1363 2458 1492 2532 48.
1547 2460 1675 2529 61.
1728 2460 1854 2529 62.
1953 2479 2137 2530 arum
2206 2456 2544 2532 Theocri-

313 2556 453 2637 te'os
502 2586 654 2638 esse
700 2561 1197 2659 pronunciabat.
1301 2558 1480 2655 Quid
1494 2552 1533 2633 Ρ
1597 2557 1888 2658 Numqui
1992 2559 2384 2661 vituperavit
2428 2561 2544 2634 illa

504 2799 828 2901 χαίροις,
881 2795 962 2876 ὦ»
993 2796 1290 2900 νύμφα,
1329 2796 1652 2899 χαίροις,
1703 2796 2104 2898 εὗπένθερε
2152 2799 2485 2900 γαμβρέ·

513 2901 755 2980 Λατὼ
803 2900 949 3003 μὲν
997 2902 1197 3001 δοίη,
1244 2899 1487 2977 Λατώ
1535 2898 2053 3002 κουροτρόφος
2100 2901 2368 2999 ὔμμιν.
2565 2915 2568 2918 ’

316 3040 397 3117 Si
443 3041 602 3142 quid
644 3041 718 3114 in
750 3065 959 3114 *versu
1007 3044 1134 3115 43.
1187 3037 1463 3113 offensui
1526 3061 1675 3111 esse
1719 3042 2023 3135 poterat,
2085 3060 2222 3109 non
2281 3042 2425 3111 erat
2469 3033 2542 3109 id

317 3147 387 3268 in
455 3144 806 3245 spondeis,
877 3142 998 3218 sed
1067 3143 1141 3218 in
1214 3166 1336 3237 eo,
1423 3139 1598 3239 quod
1658 3139 1899 3237 singuli
1970 3139 2053 3212 ab
2099 3136 2288 3213 initio
2335 3138 2542 3239 pedes

318 3249 585 3347 smgulis
634 3247 900 3321 vocibus
951 3253 1352 3338 constarent,
1402 3267 1647 3344 eosque
1695 3249 2078 3342 sequeretur
2124 3265 2258 3317 vox
2305 3266 2545 3316 mono-
2677 3279 2690 3300 ι

321 3352 582 3448 syllaba.
684 3346 783 3423 At
829 3373 915 3422 ne
962 3349 1134 3424 hane
1185 3348 1444 3448 quidem
1490 3347 1733 3420 iustam
1781 3344 2182 3419 damnandae
2246 3345 2541 3443 seriptu-

320 3478 444 3632 gage·
491 3476 1008 3631 gzussfrlnloesse
1070 3452 1237 3526 haee
1298 3450 1649 3525 ostendunt
1706 3445 1838 3521 IV.
1897 3446 2018 3524 15.
2082 3445 2177 3522 V.
2227 3451 2355 3522 21.
2410 3451 2539 3521 31.

517 3704 746 3804 τήνας
791 3703 937 3806 μὲν
983 3701 1083 3803 δή
1130 3733 1251 3782 τοι
1297 3708 1436 3789 τᾶς
1483 3699 1809 3803 πόρτιος.

523 3813 674 3888 ἄλλ’
730 3803 840 3888 ὦν
892 3813 1067 3885 α’ίκα
1118 3816 1249 3907 λῇς
1299 3809 1562 3909 ἔριφον
1610 3806 1872 3905 θέμεν.

521 3914 622 4013 μὴ
675 3912 946 3990 σπεῦδ’
968 3934 993 3958 ·
1044 3911 1136 3988 οὗ
1184 3906 1336 4015 γάρ
1386 3938 1505 3986 τοι
1553 3909 1742 4009 πυρὶ
1790 3903 2140 3984 adamae.

526 4024 775 4093 στασῶ
826 4017 907 4093 δ’
961 4013 1160 4091 ὀκτώ
1208 4011 1354 4112 μὲν
1399 4010 1703 4116 ravi-(133
1749 4019 1863 4111 τῷ
1893 4008 2108 4087 Πανὶ
2141 4005 2531 4140 ἴοὶλακτος.

528 4125 709 4218 φεῦ,
773 4126 919 4219 φεῦ
932 4171 961 4209 ,
1026 4113 1319 4194 Λάκων
1363 4145 1486 4193 τοι
1530 4110 1878 4215 *campens
1956 4110 2227 4209 σχεδον
2301 4113 2535 4186 εἴκατι

1566 4226 1665 4293 πλ
1762 4223 1855 4292 οἳ.
1975 4241 1982 4249 ·

529 4322 759 4408 οὕτως
805 4323 1092 4422 κῧμμες
1138 4319 1300 4418 θὴν
1349 4245 1914 4423 ἐρεθίζετῖρτῶς
1962 4312 2453 4418 καλαμευτᾶς.

1990 4465 2129 4544 Ε2
