3275 5317
2334 273 2399 364 ό

883 444 1134 553 Ῥοετ
1177 483 1554 552 οΒιΤνΜ
1595 487 1946 558 ΒΕοΚιι.
2406 490 2543 559 ’315

281 656 645 728 inaccessa
694 653 1093 751 aperiuntur.
1197 641 1420 752 Atque
1483 660 1587 730 est
1647 652 1778 726 hoc
1845 647 2104 751 quidem
2167 654 2366 730 animi
2416 681 2541 753 ge-

283 782 542 831 nerosa
629 757 848 829 indole
928 756 1209 855 praediti
1222 808 1247 850 ,
1339 764 1554 829 mente
1648 764 1717 829 et
1795 756 2074 830 scientia
2137 781 2330 854 quam
2393 760 2539 859 quis

281 862 516 960 possit
579 860 860 957 plurima
924 861 1185 932 studere
1245 860 1592 957 amplecti,
1670 884 1799 957 quo
1874 884 1962 932 ne
2024 861 2407 959 peregrinus
2470 863 2542 933 in

282 965 426 1038 hoc
479 963 748 1056 mundo,
802 963 919 1036 sed
969 963 1149 1056 civis,
1182 987 1328 1035 esse
1377 962 1706 1035 videatur:
1770 986 1995 1034 verum
2061 988 2257 1060 quum
2327 965 2544 1041 omnia

281 1067 649 1140 exhaurire
713 1074 1055 1164 tantopere
1122 1065 1228 1139 vel
1305 1066 1536 1138 virium
1617 1065 2046 1137 humanarum
2111 1067 2374 1140 modum
2440 1068 2545 1140 vel

282 1172 473 1244 vitae
523 1170 719 1242 breve
772 1171 1056 1267 spatium
1107 1169 1428 1262 excedat,
1462 1177 1539 1241 ut
1585 1169 1701 1242 vix
1750 1193 1882 1242 uno
1935 1169 2153 1267 aliquo
2203 1169 2273 1241 in
2304 1195 2545 1267 genere

280 1274 664 1346 litterarum
715 1274 1032 1346 artiumve
1098 1281 1338 1345 cuncta
1350 1277 1396 1365 ‚¹
1421 1270 1677 1370 ‘quibus
1744 1273 1884 1344 eius
1944 1281 2180 1345 natura
2243 1275 2544 1372 ratioque

283 1377 736 1468 contineatur,
790 1375 991 1448 liceat
1039 1373 1539 1473 pervestigando
1592 1375 2179 1472 comprehendere,
2248 1371 2411 1449 illud
2473 1378 2549 1450 in

280 1480 525 1577 primis
579 1479 941 1552 curandum
1004 1487 1108 1551 est
1120 1531 1145 1572 ,
1212 1486 1289 1550 ut
1355 1479 1616 1575 aliquod
1681 1479 1827 1576 quis
1894 1479 2080 1575 quasi
2146 1479 2546 1556 domicilium

281 1582 559 1675 habeat,
615 1583 787 1681 qnod
836 1583 980 1655 iure
1031 1606 1218 1654 suum
1273 1581 1492 1655 dicere
1554 1584 1625 1655 in
1692 1606 1899 1680 eoque
1965 1606 2242 1680 regnare
2306 1584 2545 1681 possit,

283 1710 419 1759 nec
475 1694 808 1784 tamquam
858 1686 1097 1783 hospes
1165 1687 1472 1784 propriae
1544 1687 1720 1758 sedis
1793 1710 2032 1783 expers
2082 1685 2358 1784 ’agetur
2427 1712 2550 1786 per

280 1789 546 1862 alienas
601 1790 854 1882 domos,
904 1797 1099 1861 notus
1167 1791 1426 1886 quidem
1491 1789 1774 1888 ubique,
1845 1798 1912 1861 et
1977 1790 2293 1863 fortassis
2347 1792 2545 1865 etiam
2671 1791 2676 1796 ’
2735 1785 2743 1793 ’

281 1900 611 1992 acceptus
623 1894 681 1986 ,'
716 1893 831 1966 sed
884 1917 1206 1991 nusquam
1257 1892 1555 1965 dominus
1622 1901 1692 1965 et
1756 1893 1899 1964 iure
1976 1918 2097 1967 suo
2155 1913 2542 1992 possessor.

205 1992 214 2000 ’
283 1994 609 2093 Cogitate
663 1997 833 2069 enim
886 2004 1166 2094 oportet,
1223 1996 1531 2069 discendo
1583 1998 2170 2094 cognoscendoque
2219 1997 2381 2076 illud
2423 2021 2545 2070 ac-
2685 2014 2689 2018 ·

187 2109 198 2120 '
282 2101 468 2199 quiri
487 2152 513 2193 ‚
582 2108 658 2173 ut
708 2101 865 2198 quid
931 2100 1044 2171 alii
1108 2099 1429 2172 industria
1494 2124 1616 2172 sua
1682 2125 1770 2173 ex
1836 2100 2122 2174 tenebris
2188 2100 2262 2172 in
2328 2101 2544 2173 lucem

276 2205 765 2301 protraxerint,
820 2228 1077 2301 quoque
1126 2204 1198 2275 in
1248 2211 1426 2276 statu
1474 2228 1653 2277 nunc
1704 2205 1791 2276 sit
1843 2203 2286 2277 doctrinarum
2318 2206 2544 2277 scien-

279 2308 389 2381 tia
440 2315 509 2379 et
556 2308 726 2380 ratio
777 2315 1149 2380 teneamusz
1219 2307 1334 2379 sed
1393 2307 1525 2379 nisi
1589 2307 1868 2380 fuissent
1928 2307 2066 2399 illi,
2148 2332 2424 2405 quorum
2472 2307 2543 2379 id

281 2410 514 2483 studio
568 2418 670 2482 est
721 2418 788 2483 et
837 2411 1062 2483 labore
1116 2411 1446 2504 effectum,
1499 2412 1915 2507 ignoraturos
1982 2435 2103 2482 nos
2169 2411 2374 2483 fuisse
2424 2410 2541 2483 illa

280 2513 464 2613 ipsa,
519 2538 685 2611 quae
736 2513 1043 2586 didicisse
1094 2515 1281 2588 nobis
1346 2515 1719 2611 contigerit.
1840 2514 2036 2606 Quod
2100 2514 2159 2586 si
2227 2515 2543 2613 cuiusque

284 2617 573 2690 hominis
627 2615 899 2689 litterati
952 2616 1240 2688 officium
1295 2623 1396 2687 est
1445 2642 1567 2713 pro
1620 2617 1792 2688 virili
1842 2625 2031 2712 parte
2058 2642 2326 2715 operam
2357 2618 2541 2712 dare,

284 2728 371 2793 ut
418 2721 604 2793 novis
657 2727 974 2814 augeatur
1022 2718 1440 2791 incrementis
1490 2744 1711 2791 rerum
1736 2719 2038 2810 scientia,
2094 2743 2387 2818 quaeque
2417 2722 2543 2792 ad·-

284 2823 425 2897 huc
475 2848 606 2895 non
656 2831 943 2919 reperta,
996 2846 1127 2894 non
1181 2821 1470 2916 cognita,
1522 2845 1656 2893 non
1721 2821 2056 2894 intellecta
2119 2822 2363 2915 latent,
2431 2824 2544 2894 in-

286 2928 661 3019 veniantur,
718 2925 1079 3020 discantur,
1129 2924 1651 3022 perspiciantur:
1727 2925 1797 2998 in
1872 2932 2007 2996 tam
2057 2925 2376 2997 immensa
2424 2951 2543 2998 re-

288 3055 442 3105 rum
508 3029 966 3103 discendarum
1045 3029 1361 3101 varietate
1444 3036 1708 3126 tamque
1790 3028 2182 3100 inexhausta
2263 3030 2544 3101 materia

289 3158 428 3208 non
492 3133 623 3204 alia
683 3140 869 3229 patet
931 3133 1075 3226 via,
1157 3154 1287 3229 qua
1354 3132 1497 3232 quis
1572 3132 1718 3229 ipse
1783 3131 2026 3228 aliquid
2095 3132 2392 3206 conferre
2458 3133 2544 3205 ad

291 3260 706 3312 communem
756 3236 1124 3311 utilitatem·
1152 3235 1387 3333 possit,
1442 3257 1636 3332 quam
1686 3242 1764 3307 ut
1829 3259 1960 3309 uno
2003 3236 2246 3333 ,aliquo
2296 3236 2367 3307 in
2417 3262 2544 3333 ge-

291 3366 479 3435 nere,
532 3364 790 3438 unaque
840 3340 913 3412 in
961 3365 1034 3413 re
1085 3339 1303 3412 studia
1365 3362 1487 3410 sua
1551 3346 1888 3431 coarctet,
1957 3339 2255 3438 viresque
2319 3340 2543 3412 inten-

294 3446 411 3518 dat
461 3443 684 3536 animi,
736 3452 812 3516 ut
866 3445 1130 3539 cognita
1179 3443 1319 3515 eius
1369 3442 1473 3514 rei
1518 3451 1756 3515 natura
1820 3443 2015 3515 altius
2081 3452 2280 3541 atque
2343 3443 2542 3516 altius

291 3549 366 3621 in
417 3572 564 3620 eam
610 3555 933 3645 penetret,
986 3546 1494 3644 vestigandoque
1543 3547 1756 3639 ultra,
1827 3569 2019 3642 quam
2089 3555 2240 3618 ante
2307 3571 2381 3618 se
2431 3546 2543 3618 fa·-

296 3660 477 3726 ctum
532 3650 643 3743 sit,
697 3649 996 3749 perficiat
1043 3650 1374 3743 inchoata,
1429 3650 1719 3746 corrigat
1757 3649 2015 3741 vitiosa,
2071 3649 2360 3722 stabiliat
2412 3649 2540 3721 du·
2589 3717 2593 3726 .

276 3754 429 3849 bia,
480 3756 765 3827 illustret
813 3755 1116 3843 obscura,
1167 3755 1460 3852 proferat
1524 3754 1818 3825 latentia.
1936 3752 2337 3826 Deterreant
2388 3755 2542 3852 qui-

298 3861 446 3932 dem
477 3858 778 3932 'fortasse
843 3859 1123 3957 aliquem
1189 3867 1329 3930 tum
1396 3855 1815 3931 difficultates
1868 3864 1936 3929 et
2003 3857 2380 3954 magnitudo
2432 3858 2539 3928 la„

295 3963 477 4036 boris
527 3970 670 4035 tum
721 3964 1022 4060 exempla
1070 3961 1355 4034 virorum
1423 3960 1722 4033 doctrina
1785 3959 2177 4058 ingenioque
2240 3961 2540 4032 exellen-

298 4067 488 4159 tium,
544 4091 708 4163 quos
761 4090 834 4137 se
883 4092 1016 4140 non
1066 4065 1257 4139 modo
1311 4088 1662 4163 superare,
1717 4065 1835 4137 sed
1885 4088 1968 4136 ne
2021 4065 2334 4136 aemulari
2385 4063 2539 4161 qui·-

300 4170 449 4242 dem
502 4178 617 4243 aut
669 4194 755 4242 ex
804 4169 1157 4267 longinquo
1211 4169 1398 4267 sequi
1446 4192 1644 4267 posse
1697 4168 2065 4242 existimet:
2136 4176 2207 4245 at
2230 4167 2539 4240 reformi-

298 4273 457 4346 dare
511 4273 717 4345 ardua
764 4297 898 4345 non
949 4280 1052 4345 est
1101 4275 1305 4347 erecti
1353 4271 1782 4370 generosique
1833 4271 2030 4342 animi
2045 4323 2071 4364 ‚
2142 4295 2335 4371 quem
2387 4270 2540 4343 alli-

301 4377 485 4451 ciunt
544 4377 763 4475 potius
845 4383 1040 4474 atque
1123 4377 1417 4449 excitant
1481 4399 1561 4448 ea
1574 4427 1627 4469 „
1671 4399 1838 4474 quae
1900 4375 2135 4448 virium
2200 4375 2541 4475 requirunt

301 4480 786 4557 contentionem
835 4481 1148 4557 maiorem
1197 4481 1567 4582 quamdam,
1619 4503 1813 4580 quam
1862 4479 1973 4554 cui
2024 4478 2235 4580 quivis
2286 4504 2358 4553 se
2406 4502 2538 4578 pa-
