3275 5317
716 1428 856 1506 nn
918 1428 1403 1507 VETERVM
1468 1427 2084 1510 GRAEGORVM
2240 1422 2324 1551 ι·
2515 1442 2564 1514 a

284 1634 1229 1725 PICTVRA
1371 1633 2528 1729 PARIETVM

963 1859 1840 1945 comuc'rvasw).

218 2378 233 2397 ⁸
282 2260 715 2394 Radulphus
779 2293 1147 2367 Rochettus
1160 2324 1197 2388 ,·
1254 2294 1354 2368 vir
1410 2292 1815 2392 antiquitatis
1880 2293 2157 2368 scientia
2224 2293 2527 2369 clarissi-

284 2425 455 2494 mus,
511 2423 722 2496 nuper
770 2397 994 2469 diariis
1046 2398 1443 2470 eruditorum
1495 2396 1816 2471 Parisinis
1867 2396 2386 2472 dissertationem
2413 2400 2525 2473 in·

284 2504 493 2577 seruit
545 2501 628 2574 de
679 2508 970 2574 veterum
1023 2496 1435 2575 Graecorum
1482 2501 1746 2600 pictura
1792 2502 2116 2600 parietum
2129 2554 2157 2596 ,
2209 2503 2527 2601 scriptam

284 2630 415 2680 non
468 2605 680 2677 solum
746 2603 1032 2676 maximo
1101 2627 1252 2677 cum
1318 2613 1637 2702 apparatu
1703 2604 2037 2678 doctrinae
2053 2658 2079 2700 ,
2147 2605 2265 2678 sed
2330 2607 2526 2681 etiam

285 2732 364 2782 ca
413 2707 1007 2805 circumspectione
1067 2730 1149 2780 ac
1214 2706 1660 2780 moderatione
1674 2759 1699 2800 ,
1765 2728 1931 2805 quae
1998 2708 2303 2805 quoniam
2368 2732 2525 2782 cer-

285 2812 610 2887 tissimum
674 2818 778 2883 est
856 2806 1056 2881 animi
1123 2810 1404 2907 ingenue
1470 2809 1811 2882 veritatem
1875 2812 2244 2908 quaerentis
2313 2810 2527 2884 docu-

287 2922 603 3008 mentum,
654 2913 761 2986 vel
809 2912 957 3010 ipsa
1005 2934 1127 3010 per
1174 2934 1248 2985 se
1288 2912 1461 2985 haud
1512 2913 1816 3009 exiguam
1868 2912 2060 2986 debet
2108 2913 2192 2986 ad
2242 2936 2525 3011 persua-

288 3018 570 3092 dendum
633 3016 764 3089 vim
828 3014 1092 3087 habere.
1207 3014 1628 3114 Propositum
1695 3023 1839 3088 erat
1903 3016 2039 3089 viro
2120 3015 2523 3111 doctissimo,

288 3129 359 3195 ut
407 3119 785 3195 ostenderet
830 3119 1063 3191 falsam
1114 3140 1259 3191 esse
1307 3118 1568 3191 illorum
1618 3119 1987 3217 opinionem
2000 3171 2026 3212 ,
2101 3120 2214 3218 qui
2277 3143 2525 3193 morem

288 3225 468 3297 illum
520 3223 846 3321 parietum
894 3220 1171 3295 tectoria
1231 3221 1583 3319 pingendi,
1662 3222 1851 3296 cuius
1929 3230 2031 3296 tot
2104 3223 2407 3321 exempla
2456 3224 2527 3295 in

292 3324 611 3427 sepulcris
662 3323 1101 3398 Etruscorum
1150 3324 1588 3418 inveniuntur,
1643 3325 1817 3424 apud
1859 3321 2160 3399 Graecos
2211 3327 2344 3399 iam
2393 3326 2527 3400 flo-

292 3430 661 3504 rentissimo
713 3428 873 3500 artis
925 3451 1084 3500 aevo
1134 3428 1583 3526 pervulgatum
1650 3429 1854 3501 fuisse
1903 3429 2200 3502 creduut.
2338 3429 2526 3522 Quos

296 3557 484 3631 quum
518 3552 523 3555 '
554 3533 685 3604 iam
753 3528 836 3604 C.
900 3527 992 3603 A.
1059 3529 1479 3627 Boettigerus
1543 3532 1785 3605 erroris
1851 3532 2241 3605 convincere
2308 3532 2380 3604 iu
2444 3557 2525 3607 eo

295 3635 454 3709 libro
504 3633 933 3726 instituisset,
1002 3656 1194 3731 quem
1243 3634 1324 3706 de
1373 3635 1634 3733 pictura
1683 3642 1973 3709 veterum
2024 3635 2328 3734 scripsit,
2376 3630 2530 3710 Ro-

297 3740 548 3812 chettus
601 3760 745 3810 eam
794 3758 933 3809 rem
985 3737 1222 3830 denuo,
1274 3744 1416 3811 tum
1464 3738 1696 3810 iisdem
1746 3746 1886 3811 tum
1937 3738 2084 3810 aliis
2112 3760 2270 3811 usus
2322 3762 2527 3837 argu-

297 3842 554 3934 mentis,
605 3840 1031 3939 pertractavit
1080 3839 1594 3937 diligentissime.
1701 3838 1909 3914 Cuius
1935 3840 2306 3916 dissertatio
2357 3865 2527 3940 qua-

301 3945 352 4016 si
397 3945 712 4043 bipartita
760 3951 887 4035 est,
939 3943 1243 4041 quoniam
1293 3964 1336 4015 a
1384 3943 1714 4017 coloribus
1763 3944 2122 4042 profectus,
2189 3968 2353 4043 quos
2401 3968 2523 4018 ve-

302 4055 466 4120 teres
519 4044 769 4122 Graeci
820 4046 1052 4120 statuis
1102 4054 1172 4120 et
1221 4047 1591 4120 caelaturae
1621 4046 2045 4144 induxerunt,
2099 4047 2331 4121 deinde
2381 4046 2524 4121 dis-

302 4148 695 4247 putationem
746 4149 828 4222 ad
877 4149 1198 4248 parietum
1262 4153 1587 4249 picturam
1637 4152 1991 4225 transtulit.
2105 4149 2405 4251 Vtroque
2454 4150 2523 4223 in

464 4478 532 4556 ¹⁸)
570 4476 779 4541 naim
820 4496 874 4543 a.
920 4479 1103 4545 1834.
