3275 5317
965 480 1726 547 MYamnonvs
1768 490 1878 551 etc.
2408 479 2538 551 158

305 646 400 720 tio
450 652 521 719 et
567 669 773 738 mors,
827 667 1023 743 quam
1072 643 1336 741 chorus,
1360 644 1646 744 opinor,
1697 670 1830 719 non
1881 642 2120 720 Thetis
2185 643 2535 743 significat.

304 748 440 823 Hic
489 749 666 822 enim
714 771 897 820 arma
944 744 1251 842 Achillis,
1306 773 1472 846 quae
1520 748 1834 822 Patroclo
1864 756 2053 822 eraut
2081 748 2376 822 detracta
2423 750 2537 830 in÷

304 851 466 945 duit,
520 852 809 948 graviter
854 850 1232 948 indignante
1282 850 1463 944 Iove,
1520 852 1695 948 quod
1743 852 1875 924 illis
1928 875 2001 924 se
2052 851 2251 925 armis
2302 873 2538 924 ornare

303 979 435 1029 non
486 963 666 1028 esset
713 953 982 1047 veritus,
1038 979 1204 1052 quae
1255 954 1346 1026 dii
1393 953 1792 1027 immortales
1842 953 2048 1027 Peleo
2093 955 2246 1028 olim
2298 955 2543 1026 donas·

303 1064 475 1130 sent.
584 1055 873 1155 Copiose
922 1055 1088 1129 haec
1134 1057 1460 1131 enarravit
1482 1056 1810 1129 Homerus
1860 1055 2055 1130 Iliad.
2094 1056 2332 1131 XVII.
2369 1059 2544 1129 184.

303 1184 487 1258 seqq.
597 1160 787 1253 Quae
834 1159 904 1231 in
955 1167 1172 1233 mente
1221 1160 1468 1233 hahens
1521 1160 1621 1233 sic
1687 1159 2066 1257 grandisoni
2131 1160 2270 1233 oris
2331 1159 2545 1257 tragi-

302 1288 420 1337 cus
459 1272 565 1338 est
614 1264 912 1336 elocutus
928 1287 951 1333 ε

616 1393 1169 1500 ἐναροκτάντας
1216 1396 1301 1475 δὲ
1357 1395 1657 1500 φθόνος
1707 1398 1976 1496 αὖχαῖς
2054 1465 2057 1470 .

615 1506 918 1608 ἕγκοτος
966 1500 1175 1603 ὑψοῦ
1225 1542 1232 1549 -

818 1607 1024 1689 τέλος
1074 1601 1499 1682 ἀθανάτων
1549 1603 1961 1707 ἀπολείψει,

497 1729 502 1735 ’
614 1709 765 1805 ἣξει
812 1708 876 1784 τ’
931 1704 1276 1810 ἐχθρούς.

303 1845 597 1942 Αὗχαῖς
656 1855 733 1920 ut
781 1846 1109 1921 excidisse
1160 1853 1478 1939 statuam,
1552 1868 1689 1920 non
1738 1846 1952 1919 selum
2002 1844 2365 1940 sententia,
2431 1845 2550 1919 sed

306 1948 504 2022 ctiam
556 1948 988 2048 interpretum
1037 1949 1200 2020 illud
1248 1946 1353 2047 μὴ
1404 1944 1892 2044 καυχώμενος
1941 1948 2267 2023 admonet.
2372 1946 2550 2021 Nam

307 2050 562 2147 αὕχάν
612 2051 981 2149 Hesychius
1031 2047 1438 2148 καύχησιν,
1493 2052 1882 2149 omninoque
1934 2058 2213 2149 cognata
2273 2052 2371 2122 illi
2419 2077 2551 2123 no-

306 2155 467 2226 mini
519 2156 722 2228 verba
769 2181 890 2254 per
942 2157 1389 2251 καυχᾶσθαι
1450 2154 1964 2252 interpretantur
2018 2155 2437 2251 grammatici
2448 2154 2549 2248 ⁴¹²).

307 2254 559 2332 Statim
610 2283 762 2332 cum
811 2258 943 2330 illis
996 2282 1162 2357 quae
1211 2258 1547 2359 posuimus
1599 2259 1816 2331 verbis
1868 2257 2304 2332 cohaerebant
2346 2257 2547 2331 haece

927 2390 1264 2494 κάμακος
1314 2395 1367 2472 δ
1374 2395 1399 2424 ³
1453 2393 1644 2471 εἶσιν

619 2494 1031 2602 γλώσσημα
1081 2498 1424 2576 διπλοῦν.

312 2646 726 2725 scholiastes
775 2650 1048 2725 Pindari
1096 2652 1181 2728 ad
1229 2650 1301 2725 Ν
1299 2672 1426 2726 em.
1476 2649 1605 2725 VI.
1663 2644 1787 2725 85.
1858 2652 1941 2724 de
1990 2651 2180 2725 hasta
2226 2649 2508 2725 Achillis
2525 2678 2547 2723 ε

316 2752 637 2853 δικροῦν
685 2751 862 2857 γάρ,
932 2754 1112 2839 ὥςτε
1176 2751 1319 2832 δύο
1387 2753 1665 2851 αἰχμὰς
1717 2757 1911 2851 ἔχειν
1976 2754 2105 2829 καὶ
2166 2763 2307 2853 μιᾷ
2357 2757 2652 2853 βολῇΙΊ

318 2854 549 2934 δισσοὶ
599 2856 696 2932 τὰ
748 2855 1151 2956 τραύματα
1200 2855 1766 2961 ἀπεργάζεσθαι
1776 2912 1804 2947 ,
1872 2856 2001 2933 καὶ
2046 2855 2420 2953 Αἰσχύλος
2470 2861 2552 2935 εἶν

318 2961 670 3059 Νηρεῒσι·
723 2957 1145 3060 κάμακος
1194 2957 1417 3054 εἶσι,
1472 2957 1810 3057 κάμακος
1859 2957 2375 3072 γλώσσημα
2427 2961 2561 3038 δι-

320 3060 494 3139 πλά
516 3088 746 3140 σιον.
863 3063 947 3138 ld
996 3064 1319 3141 διπλοῦν
1371 3064 1729 3161 scripserat
1791 3058 2195 3160 Aeschylus,
2262 3064 2391 3137 nisi
2441 3064 2561 3140 δι-

320 3176 560 3265 κροῦν
575 3167 720 3262 m),
773 3174 874 3261 ut,
926 3192 971 3240 a
1020 3193 1147 3265 quo
1198 3167 1364 3241 haec
1411 3174 1673 3268 sumpta
1724 3191 1870 3240 esse
1939 3167 2101 3240 dicit
2151 3166 2560 3261 scholiastes,

322 3266 624 3345 Lesches
676 3272 747 3342 in
796 3295 1000 3368 parva
1047 3269 1258 3347 Iliade
1308 3266 1610 3372 δικρόος
1663 3269 1885 3370 ἄρδις
1932 3270 2176 3368 posuit.

493 3581 555 3659 ¹⁸¹)
598 3578 933 3641 Schneideri
1001 3575 1382 3642 coniecturam
1447 3583 1505 3641 in
1573 3581 1787 3641 Lexico
1859 3572 2332 3663 φθογγοκόπος,
2407 3581 2568 3658 quod

330 3684 466 3742 gran
511 3668 526 3681 ⁶
591 3686 763 3743 quum
821 3668 1198 3746 significaret,
1256 3670 1446 3730 sciens.
1509 3669 1777 3747 praeterii
1832 3667 2072 3726 silentio.
2168 3667 2311 3726 Erat
2371 3672 2567 3727 tamen

334 3753 423 3829 qui
449 3667 952 3838 {fflgdffendere
993 3754 1181 3829 vellet,
1226 3774 1341 3813 non
1384 3755 1657 3831 facturus,
1702 3754 1926 3832 opinor,
1969 3772 2034 3834 re
2076 3753 2389 3811 accuratius
2432 3773 2568 3831 per-

332 3856 522 3916 pensa.
614 3832 891 3914 Graviora
942 3840 1092 3899 enim
1136 3840 1396 3914 obstant,
1466 3859 1633 3917 quam
1677 3840 1852 3918 ipsius
1909 3838 2168 3897 vocabuli
2209 3839 2372 3901 ratio,
2464 3838 2563 3898 Vi-

331 3941 449 3983 sum
510 3918 756 4001 quidem·
797 3925 1135 4001 quibusdam
1192 3932 1280 3985 est
1331 3917 1677 4007 ὕπέρκοπος
1730 3944 1835 4002 pro
1889 3918 2282 4007 ὖπέρκομπος
2348 3924 2561 3984 dictum

338 4028 487 4084 esse,
550 4016 614 4068 ut
675 4010 1036 4084 Blomfieldio
1094 4012 1173 4071 ad
1227 4012 1467 4091 Septem
1522 4011 1599 4070 ad
1656 4011 1890 4071 Thebas
1943 4030 1997 4075 v.
2053 4009 2202 4072 387.
2260 4011 2357 4086 qui
2411 4010 2561 4070 adeo

336 4084 666 4177 1‘1ne'9xotog
706 4116 786 4153 nu
828 4097 912 4197 ‘jis
955 4097 1303 4156 auctoritatis
1346 4116 1547 4156 vocem
1590 4116 1718 4156 esse
1760 4096 2007 4170 censuit,
2061 4096 2381 4170 mutarique
2436 4094 2564 4152 ubi-

341 4197 445 4254 que
486 4181 666 4239 voluit
716 4182 772 4239 in
801 4176 1202 4265 ‘Jvne'pxonog,
1259 4184 1416 4262 quod
1469 4202 1546 4242 an
1603 4183 1678 4242 ab
1736 4182 1850 4241 ullo
1904 4182 2182 4260 scriptore
2234 4186 2565 4259 usurpatum

338 4264 521 4343 fuerit,
563 4286 678 4345 ego
719 4267 977 4327 dubitare
1016 4268 1224 4335 malim.

505 4384 597 4464 **)
644 4386 711 4445 {d
753 4387 918 4469 unice
960 4405 1154 4447 verum
1192 4389 1491 4449 videbatur
1532 4388 1601 4454 F,
1648 4388 1720 4454 V,
1765 4385 2076 4450 Fritzsehio
2094 4430 2113 4462 ,
2160 4386 2420 4449 conferre
2474 4388 2565 4463 iq.

346 4469 493 4533 beuti
532 4471 885 4533 Lobeckium
928 4475 1004 4534 ad
1046 4474 1253 4553 Phryn.
1295 4494 1357 4557 p.
1401 4477 1549 4540 233,
1768 4471 1775 4477 ’
