3275 5317
383 467 506 531 DE
549 466 1298 532 EPIGRAMMA'HS
1342 469 1907 541 QVIBVSDAM
1950 469 2560 539 GRAECIS.165

323 630 570 703 lumine
617 629 908 704 secundo
957 656 1026 752 Ρ.
1057 633 1179 704 63.
1233 632 1299 705 b.
1351 631 1575 704 Haec
1599 631 1896 706 εοίῖὼθτ
1915 630 2245 705 credulis
2272 633 2548 729 scribo,

319 755 480 803 non
529 730 719 804 vm}
782 755 872 804 eo
937 732 1247 826 ing-emb
1295 733 1689 836 praedatis
1703 788 1729 828 ,
1796 734 2000 835 quod
2044 734 2131 807 in
2178 733 2564 836 Lipsiensz

320 833 598 907 critico
649 857 895 908 messe
945 834 1304 930 canemus,
1358 837 1496 939 φατ’
1536 837 1904 960 quidquid
1961 837 2122 940 ἐρεῖ
2175 837 2548 940 displicet,

314 936 686 1037 quidquid
728 937 1064 1012 nondum
1125 939 1352 1035 munt,
1421 940 1884 1015 coniecturis
1928 940 2306 1065 'expellin
2372 941 2556 1017 licet

313 1040 401 1112 in
476 1040 733 1142 lapide
808 1040 922 1115 είτ
988 1042 1428 1119 certissime.
1554 1043 1822 1119 Etenim
1885 1045 1986 1119 vir
2049 1045 2549 1139 eruditissimae,

315 1144 431 1241 qui
479 1145 701 1219 statim
749 1145 820 1217 in
869 1145 1295 1246 inscriptione
1348 1146 1659 1222 Crissaea
1670 1200 1696 1242 ,
1750 1173 1916 1246 quae
1965 1148 2180 1246 prima
2227 1148 2299 1220 in
2349 1173 2548 1247 opere

311 1248 429 1320 illo
482 1255 610 1339 est,
662 1248 805 1346 ἰΡεθ
856 1271 930 1323 se
978 1250 1384 1348 praedicavit
1432 1252 1536 1324 de
1562 1259 1814 1349 septem
1866 1249 2200 1326 elementis
2264 1251 2548 1351 quinque

309 1356 626 1445 mutasse,
679 1352 778 1426 sic
830 1352 1206 1427 existimare
1255 1354 1547 1429 videtur·

516 1501 670 1576 duo
720 1526 950 1602 quum
998 1492 1199 1577 idem
1227 1504 1587 1601 famant,

518 1604 667 1678 hoc
717 1605 905 1678 licet
945 1604 1254 1706 impune
1282 1607 1577 1703 facere
1626 1605 1833 1700 huic,
1885 1605 2014 1678 illa·
2053 1629 2212 1680 non
2260 1606 2464 1703 lucet,

512 1730 673 1782 non
702 1730 850 1811 quo
884 1707 1270 1784 «lassandus
1310 1733 1437 1786 res
1465 1710 1593 1804 εῖτ,
1647 1705 1783 1782 sed
1821 1731 1967 1808 quo
2017 1709 2087 1781 ίε
2139 1735 2267 1809 qm
2259 1709 2548 1806 facit.

303 1860 456 1937 Sim
523 1883 683 1960 ergo
698 1915 726 1957 ,
787 1887 915 1938 nec
978 1888 1084 1937 me
1151 1888 1297 1939 esse
1366 1864 1519 1939 nolo
1533 1914 1561 1957 ,
1627 1863 1983 1936 dissimilis.
2100 1861 2423 1936 Nimirum
2487 1866 2548 1936 is

308 1964 572 2063 quidem
625 1967 820 2064 plane
870 1966 1145 2039 stolidus
1196 1974 1393 2060 esset,
1448 1966 1561 2064 qui
1609 1965 1920 2063 quidquid
1969 1965 2095 2037 sibi
2144 1967 2214 2037 in
2263 1975 2544 2040 mentem

304 2067 599 2162 veniret,
666 2069 982 2168 scriptum
1050 2093 1195 2143 esse
1260 2070 1332 2142 in
1395 2070 1680 2168 antiquis
1744 2068 2176 2142 monumentis
2241 2076 2358 2142 aut
2422 2068 2545 2142 de-

301 2171 530 2243 buisse
580 2172 781 2245 scribi
844 2172 1302 2245 contenderet:
1371 2174 1489 2246 sed
1553 2196 1688 2245 non
1749 2172 1963 2244 minus
2028 2172 2288 2269 ineptus
2369 2180 2545 2245 esset

299 2272 385 2368 is,
441 2272 559 2372 qui
605 2281 853 2347 tantam
900 2282 1162 2374 putaret
1209 2272 1403 2348 fidem
1451 2275 1810 2348 habendam
1860 2298 2005 2347 esse
2034 2274 2383 2373 lapidibus,
2435 2281 2590 2368 ut,4

302 2375 622 2474 quidquid
672 2401 759 2451 ex
809 2377 892 2449 iis
942 2378 1271 2476 profertur
1284 2429 1310 2471 ,
1377 2386 1559 2452 recte
1623 2378 1942 2475 scriptum
2004 2401 2151 2450 esse
2216 2386 2537 2454 censeret.

301 2480 473 2572 Quis
527 2479 724 2574 enim,
777 2480 837 2553 si
884 2480 1127 2554 multae
1175 2481 1632 2602 inscriptiones
1697 2504 1823 2553 nec
1874 2480 2075 2553 verba
2135 2480 2375 2553 usitata
2426 2492 2541 2555 aut

299 2582 473 2655 iuste
537 2582 856 2676 formata,
920 2608 1045 2657 nec
1109 2585 1495 2658 sententiam
1560 2584 1760 2655 ullam
1839 2584 2195 2681 praebent,
2262 2584 2538 2680 probare

300 2684 469 2757 falsa
521 2691 718 2782 atque
766 2686 999 2758 insana
1013 2738 1037 2779 ,
1092 2711 1286 2784 quam
1335 2695 1682 2785 peccatum
1733 2685 2003 2759 credere
2067 2685 2149 2757 ab
2200 2685 2535 2783 lapidariis

300 2789 405 2860 vel
454 2788 567 2882 iis,
622 2788 736 2886 qui
783 2789 1268 2887 descripserunt
1317 2791 1606 2863 carmina
1652 2789 1768 2860 illa
1833 2795 1901 2860 et
1964 2787 2228 2880 titulos,
2280 2783 2535 2862 malet?

299 2889 408 2965 Ac
457 2892 590 2963 tria
637 2891 1045 2990 potissimum
1110 2893 1182 2963 in
1246 2892 1777 2990 inscriptionibus
1827 2890 2243 2990 reperiuntur
2292 2914 2536 2985 genera

299 2993 632 3067 vitiorum.
733 2993 1030 3067 Primum
1094 2996 1164 3067 in
1212 2996 1374 3093 ipsis
1426 3003 1529 3067 est
1577 2995 1771 3066 etiam
1825 2992 2065 3089 optime
2133 2994 2532 3065 conservatis

298 3095 651 3195 lapidibus,
704 3121 898 3193 quum
954 3098 1108 3193 quid
1158 3098 1459 3193 lapidarii
1509 3097 1614 3168 vel
1666 3119 1888 3167 errore
1952 3094 2056 3166 vel
2118 3094 2381 3166 inscitia
2428 3095 2534 3167 vel

299 3197 697 3295 negligentia
746 3199 1246 3269 commiserunt.
1301 3196 1657 3268 secundum
1719 3220 1925 3292 genus
1990 3221 2078 3268 ex
2141 3196 2313 3269 mala
2362 3222 2531 3271 con-

300 3300 545 3374 ditione
613 3299 848 3398 lapidis
913 3293 1366 3397 repetendum
1401 3305 1540 3391 est,
1624 3323 1823 3396 quum
1888 3298 2205 3394 plurimae
2269 3300 2529 3375 tabulae

298 3403 401 3476 vel
448 3403 701 3476 fractae
751 3402 881 3475 sint
893 3453 917 3494 ,
984 3408 1059 3473 ut
1123 3401 1410 3476 divinare
1473 3401 1629 3500 quid
1694 3400 1964 3499 perierit
2027 3409 2357 3499 oporteat,
2424 3405 2529 3475 vel

301 3505 607 3600 detritae,
658 3513 733 3578 ut
781 3505 1145 3578 litterarum
1209 3504 1403 3579 modo
1453 3504 1675 3597 nulla,
1753 3503 1948 3575 modo
1999 3504 2260 3597 tenuia,
2335 3505 2531 3579 modo

302 3609 606 3706 ambigua
654 3608 981 3706 supersint
1031 3608 1340 3704 vestigiaz
1395 3608 1655 3681 tertium
1708 3631 1914 3704 genus
1979 3607 2237 3679 illorum
2306 3608 2531 3681 conti-

301 3721 492 3786 netur
544 3713 872 3786 erroribns
921 3711 1341 3810 peccatisque
1355 3764 1380 3805 ,
1451 3734 1493 3782 a
1544 3711 1776 3807 quibus
1828 3710 2193 3808 descriptae
2243 3735 2331 3783 ex
2381 3735 2532 3785 mo-

301 3815 627 3889 numentis
677 3823 830 3889 sunt
875 3815 1356 3912 inscriptiones.
1460 3811 1557 3886 Et
1604 3813 1732 3886 hoc
1783 3813 2039 3911 quidem
2090 3838 2295 3910 genus
2344 3820 2529 3911 patet

300 3919 660 3992 latissime.'
743 3916 1041 4015 Namque
1089 3917 1219 3989 illis
1270 3916 1461 3990 modo
1531 3915 1614 3988 ad
1681 3916 1938 4012 singula
2000 3924 2307 3990 accurate
2359 3938 2527 3988 exa-

254 4098 257 4101 ,
302 4023 608 4095 minanda
673 4044 754 4094 ac
830 4019 1235 4119 depingenda
1292 4017 1401 4093 'vel
1471 4020 1922 4117 opportunitas
1986 4018 2090 4092 vel
2154 4019 2356 4092 otium
2419 4018 2524 4091 vel

304 4124 639 4223 diligentia
688 4124 928 4215 defuit3
1002 4123 1195 4197 modo
1208 4172 1235 4215 ,
1306 4123 1375 4197 id
1424 4122 1599 4221 quod
1660 4122 1906 4197 factum
1969 4128 2072 4195 est
2120 4120 2522 4218 saepissime,

306 4227 723 4325 ambiguitate
771 4226 876 4302 vel
925 4226 1343 4302 similitudine
1390 4227 1754 4299 litterarum
1804 4224 2087 4322 decepti,
2153 4247 2316 4321 quas
2367 4247 2525 4297 cer·

307 4355 459 4404 nere
510 4330 637 4403 sibi
684 4329 1064 4405 videbantur
1108 4328 1387 4424 litteras,
1436 4336 1512 4401 ut
1560 4336 1778 4403 certas
1829 4334 1897 4401 et
1944 4350 2075 4400 non
2120 4326 2346 4399 dubias
2396 4349 2526 4400 ex-

309 4432 675 4529 bibuerunt,
725 4455 887 4531 quas
937 4432 998 4506 si
1046 4433 1353 4508 attentius
1402 4430 1822 4530 contemplati
1870 4437 2112 4526 essent,
2164 4429 2326 4503 alias
2377 4454 2524 4504 esse
