3275 5317
748 454 883 525 18⁴
1120 508 1126 515 .
1457 456 1578 529 ΒΕ
1618 455 2256 526 ΕΒΔΟΠΕΝΊἹδ

755 617 1175 696 coniecturis.
1243 615 1343 692 Et
1391 624 1836 694 memorantur
1882 618 2142 718 quidem
2188 618 2262 692 in
2309 617 2439 697 illis
2490 620 2770 695 scholiis
2800 644 2983 721 prae-

753 733 859 798 ter
905 721 1268 795 Homerum
1317 731 1552 820 poetae
1601 723 1771 796 bene
1822 722 2036 817 multi,
2087 732 2163 796 ut
2214 747 2382 823 quae
2429 722 2798 818 Hesiodus,
2845 723 2985 798 Eu·

755 823 1029 924 ripides,
1082 823 1523 899 Callimachus
1598 825 1682 899 de
1731 823 2007 924 Europa
2052 834 2442 920 narrarunt,
2522 827 2612 900 ad
2678 827 2882 901 Rhesi
2927 854 2985 902 v.

760 932 890 1002 28.
971 952 1139 1025 quae
1190 925 1273 1001 de
1321 926 1508 1001 Pane
1572 926 1918 1026 Euphorio
1985 937 2055 1003 et
2117 925 2485 1027 Aeschylus
2501 981 2528 1023 ,
2608 929 2696 1003 ad
2757 957 2821 1004 v.
2873 934 2986 1004 36.

760 1055 929 1130 quae
980 1032 1062 1104 de
1112 1038 1308 1104 nocte
1368 1031 1441 1103 in
1506 1031 1790 1129 quinque
1851 1030 2106 1128 vigilias
2172 1031 2379 1106 divisa
2439 1031 2870 1107 Stesichorus
2930 1040 2991 1106 et

758 1132 1134 1208 Simonides
1150 1185 1175 1226 ‚
1249 1133 1336 1206 ad
1384 1160 1450 1208 v.
1505 1135 1579 1207 5.
1681 1131 1893 1207 Porro
1947 1131 2333 1209 Callimachi
2380 1136 2584 1210 verba
2634 1161 2724 1209 ex
2772 1136 2992 1232 hymno

759 1235 921 1310 Deli
968 1262 1035 1309 v.
1094 1240 1265 1310 112.
1317 1237 1677 1311 afferuntur
1727 1236 1813 1310 ad
1864 1235 2207 1311 Troadum
2255 1264 2321 1312 v,
2376 1242 2557 1312 214.
2631 1246 2702 1311 et
2751 1263 2836 1312 ex
2882 1236 2992 1310 Io-

762 1340 861 1417 vis
910 1340 1145 1437 hymno
1195 1364 1261 1414 v.
1314 1344 1443 1415 47.
1495 1340 1581 1413 ad
1630 1339 1840 1412 Rhesi
1888 1365 1954 1412 v.
2008 1344 2186 1414 324.
2238 1349 2384 1414 tum
2443 1340 2806 1416 Cleostrati
2853 1340 2992 1413 Te-

762 1442 940 1516 nedii
991 1442 1119 1515 duo
1170 1466 1399 1515 versus
1447 1442 1533 1515 ad
1587 1468 1648 1515 v.
1704 1443 1881 1515 528.
1934 1465 2057 1518 nec
2110 1443 2530 1517 dubitandum
2546 1495 2573 1536 ,
2629 1444 2788 1541 quin
2834 1441 2994 1541 quod

763 1546 852 1619 ad
900 1544 1243 1618 Troadum
1292 1569 1553 1617 versum
1607 1549 1732 1618 31.
1783 1567 2016 1644 parum
2082 1546 2420 1633 emendate
2485 1547 2815 1645 scriptum
2851 1553 2989 1637 est,

764 1645 1210 1747 Λυσίμαχος
1274 1645 1360 1724 δὲ
1424 1646 1563 1724 τὸν
1629 1646 1802 1744 τὴν·
1835 1648 2233 1743 Περσηΐὸα
2298 1647 2757 1745 πεποιηκότα
2820 1646 2991 1749 φησὶ

766 1747 1428 1929 {fimum
1587 1749 2591 1953 ⁷155⁰²11G350023G33⁵³ffi¹32f332
2631 1750 2991 1951 affixas

833 1904 855 1928 .
982 1905 1004 1927 .
1956 1904 1983 1946 ,

762 1954 1176 2032 Graecorum
1229 1957 1443 2055 epico.
1564 1955 1864 2049 Quorum
1928 1980 2083 2030 vero
2152 1964 2415 2055 praeter
2475 1958 2604 2031 hos
2669 1964 2991 2055 poetarum

761 2061 942 2134 facta
1006 2067 1109 2133 est
1181 2058 1424 2132 mentio
1439 2111 1467 2153 ,
1542 2083 1772 2132 eorum
1845 2060 2210 2156 fragmenta
2285 2061 2595 2158 quoniam
2676 2054 2991 2133 dubitandi

763 2164 1081 2262 praebent
1129 2162 1494 2256 materiam,
1547 2161 1629 2234 de
1679 2161 1784 2235 his
1837 2162 2144 2260 deinceps
2196 2162 2570 2260 explicabo.

969 2263 1068 2338 Et
1116 2261 1474 2363 Sophoclis
1540 2263 1801 2362 quidem
1852 2289 2118 2359 versus,
2198 2266 2311 2363 qui
2376 2266 2462 2337 ad
2530 2264 2870 2339 Troadum
2926 2287 2985 2335 v.

768 2370 946 2442 218.
999 2368 1236 2440 allatus
1296 2374 1423 2461 est,
1473 2367 1603 2441 etsi
1654 2392 1742 2440 ex
1793 2391 1874 2440 eo
1924 2391 2165 2464 genere
2214 2375 2355 2462 est,
2422 2367 2504 2441 de
2561 2393 2691 2466 quo
2739 2372 2959 2467 propte

766 2470 1042 2546 fontium
1088 2469 1429 2568 penuriam
1477 2470 1592 2542 vix
1640 2469 1809 2542 certi
1858 2470 2014 2566 quid
2062 2470 2219 2544 licet
2247 2478 2564 2568 statuere,
2616 2480 2833 2545 tamen
2873 2469 2989 2541 ha-

765 2572 882 2647 bet
932 2597 1061 2670 quo
1112 2571 1431 2670 probabili
1480 2572 1900 2646 coniecturae
1964 2573 2184 2647 locum
2247 2573 2473 2648 faciat.
2593 2571 2872 2672 Legitur
2926 2569 2987 2641 in

773 2676 1024 2751 scholio
1073 2675 1244 2750 isto:
1312 2683 1715 2777 Σοφοκλῆς
1764 2673 1850 2751 δὲ
1915 2675 2036 2751 ἐπὶ
2097 2684 2257 2753 τῶν
2321 2686 2617 2777 καιρῶν
2690 2684 2987 2778 Τριπτο-

725 2778 1003 2879 5λέμου
1055 2783 1488 2875 οἰκισθῆναι
1536 2779 1678 2876 τὴν
1727 2774 2183 2879 Καρχηδόνα
2235 2782 2318 2857 ἐν
2368 2780 2480 2865 οἷς
2524 2779 2747 2880 φησί·
2798 2786 2988 2877 Καρ-

764 2879 1095 2983 χηδόνος
1145 2884 1255 2973 δέ,
1308 2879 1611 2982 κράσπα
1662 2910 1786 2960 τιν
1836 2879 2291 2982 ἀσπάζομαι.
2395 2882 2632 2958 Intulit
2680 2885 2876 2974 haec,
2924 2886 2989 2952 ut

775 2987 1203 3063 conveniebat
1248 2987 1627 3084 fragmentis
1698 2986 2096 3086 Triptolemi
2163 2985 2259 3061 G.
2308 2984 2719 3061 Dindorfius.
2831 2981 2988 3057 Nam

628 3146 638 3155 .
773 3092 891 3164 illa
950 3091 1023 3163 in
1086 3090 1307 3163 fabula
1320 3141 1347 3183 ,
1428 3098 1505 3163 ut
1569 3115 1657 3163 ex
1724 3087 2030 3188 Dionysii
2105 3088 2711 3165 Halicarnassensis
2771 3084 2986 3182 Anfiq.

774 3193 976 3266 Rom.
1027 3190 1089 3266 Ι.
1150 3196 1269 3266 12.
1324 3200 1729 3289 compertum
1779 3193 2115 3286 habemus,
2169 3190 2373 3267 Ceres
2401 3193 2813 3294 Triptolemo
2859 3197 2987 3261 ter-

773 3318 886 3368 ras
950 3294 1365 3386 nominabat,
1432 3295 1666 3392 quibus
1730 3318 1877 3368 eum
1944 3296 2191 3368 semina
2253 3296 2589 3395 impertire
2655 3296 2985 3393 oporteret·

717 3438 723 3443 ·
771 3395 1030 3471 Eadem
1077 3396 1280 3494 igitur
1327 3397 1398 3468 in
1448 3397 1742 3470 oratione
1793 3397 1995 3492 deae,
2049 3422 2136 3472 ex
2186 3423 2316 3497 qua
2364 3407 2501 3473 tres
2551 3422 2775 3472 versus
2822 3401 2986 3467 attu-

774 3500 854 3575 lit
901 3499 1284 3598 Dionysius,
1336 3500 1510 3573 hunc
1560 3524 1816 3598 quoque
1866 3501 2110 3597 fuisse,
2161 3526 2369 3600 eoque
2420 3499 2846 3598 Carthaginis
2874 3495 2987 3568 do-

775 3604 1160 3678 minatorem
1210 3603 1482 3681 salutari
1546 3603 2030 3702 Triptolemum
2096 3606 2405 3679 credibile
2470 3613 2598 3680 est.
2712 3601 2824 3677 Ex
2870 3618 2984 3696 quo

779 3706 880 3780 sic
929 3706 1184 3780 videtur
1234 3728 1381 3778 esse
1431 3707 1856 3804 corrigendus
1872 3733 1896 3780 ε
2011 3772 2020 3781 .

1085 3805 1575 3910 Καρχηδόνος
1623 3806 1711 3888 δὲ
1760 3807 2194 3910 προστάτην
2244 3806 2785 3911 ἅσπάζομαι*).

950 4097 1010 4185 *)
1049 4102 1393 4166 Tireodorus
1432 4102 1712 4182 Bergkius
1753 4106 1812 4163 iu
1854 4104 2330 4165 commentatione
2383 4103 2460 4162 de
2510 4097 2836 4180 fragmentis
2883 4092 2983 4149 So·

777 4189 995 4269 Phoeni!
1027 4210 1088 4270 p·
1132 4191 1237 4254 30.
1282 4189 1542 4264 coniecit,
1582 4182 1996 4274 Καρχηδόνος
2038 4185 2107 4250 δὲ
2147 4180 2475 4269 κράσπεδ’,
2519 4183 2595 4269 ἣν
2635 4174 2981 4256 ἀσπάζομαι.

779 4272 855 4334 ld
891 4273 1026 4334 mihi
1066 4294 1296 4354 quoque
1334 4275 1577 4356 primum
1616 4276 1674 4334 in
1716 4281 1967 4336 mentem
2006 4280 2258 4348 venerat,
2300 4274 2404 4334 sed
2446 4277 2739 4334 moverunt
2773 4266 2982 4359 ultimi-¹0

781 4358 1005 4419 litterae
1044 4382 1090 4420 α
1130 4380 1228 4422 τιν
1268 4368 1333 4420 ut
1373 4353 1735 4444 προστάτην
1775 4360 2140 4441 praeferrem.
2195 4359 2396 4422 Vtrum
2440 4359 2639 4435 horum
2676 4369 2861 4416 verum
2898 4350 2979 4423 δή,

782 4441 1072 4504 diiudicari
1112 4446 1215 4506 nisi
1256 4445 1378 4521 aliis
1420 4448 1661 4527 repertis
1701 4445 1961 4507 'subsidiis
2002 4445 2218 4525 nequit.
2374 4491 2377 4494 -
