3275 5317
732 490 821 560 ω
1609 488 2063 555 sonoLAB

937 658 1115 733 αἴθε
1162 685 1297 757 μοι
1342 651 1540 753 ἦσαν
1587 652 1735 730 ὅσα
1782 646 2114 830 Κροῖοέν
2174 603 2371 729 ποκα
2435 652 2672 752 φαντὶ
2714 661 2952 729 πεπᾶ-

1952 780 1999 832 σ
2063 783 2167 843 αι,

931 856 2327 1061 ἔιῖἶσεὲἓιῖζφἱζῗοὲχῖἶσῖῖεἵὶἵε’ζα
2344 857 2955 1066 ἔῗσοίφρὲῗῖςῖᾆ

940 1178 1191 1271 σχῆμα
1240 1169 1323 1246 δ’
1377 1166 1524 1272 ἐγω
1574 1165 1706 1243 καὶ
1753 1074 2808 1345 καινοςὲῖέπὲνᾶμφοτέωισιν’
2758 1163 2956 1268 αμύ-

1951 1300 2000 1347 κ
2043 1300 2153 1357 ας.

727 1405 813 1482 Ῑιι
860 1408 962 1482 his
1013 1417 1193 1484 certe
1242 1433 1453 1508 neque
1503 1405 1695 1483 a'ffls'
1732 1437 1863 1503 μοι
1911 1404 2109 1505 ἦσαν
2158 1433 2202 1482 a
2251 1400 2616 1484 Theocrito
2666 1407 2952 1507 positum

729 1520 861 1608 est,
910 1537 1122 1611 neque
1170 1513 1282 1586 ille
1350 1510 1499 1596 τοὺς
1551 1509 1800 1596 αὕλιὸς
1863 1510 2007 1609 μὲν
2069 1515 2320 1609 ἔχοισα
2385 1509 2652 1611 scripsit
2715 1511 2954 1586 omisso

725 1616 1144 1715 pronomine:
1228 1614 1573 1688 dicendum
1657 1621 1800 1687 erat
1879 1616 2052 1688 enim
2113 1616 2209 1692 τύ
2271 1613 2416 1714 μὲν
2494 1615 2644 1700 τώς
2709 1612 2957 1697 αὐλοὺς

729 1721 1003 1815 ἔχοισα.
1116 1717 1294 1791 Mire
1359 1718 1736 1815 discrepant
1798 1718 2161 1817 scripturae
2227 1717 2565 1791 codicum:
2633 1741 2794 1815 quas
2845 1716 2957 1814 qui

728 1822 1041 1895 attentius
1122 1820 1674 1914 consideraverit,
1749 1820 1944 1893 facile
2021 1820 2341 1918 intelliget
2418 1820 2669 1894 duobus
2745 1820 2957 1893 modis

725 1924 894 1998 haec
944 1924 1101 1998 elim
1150 1924 1400 2023 scripta
1445 1924 1676 2018 fuisse,
1727 1924 1891 1996 sive
1912 1924 2055 2021 ipse
2097 1922 2499 1997 Theocritus
2525 1925 2761 1998 iterum
2811 1923 2959 1996 edi-

727 2026 827 2102 dit
873 2029 1002 2102 hoc
1054 2051 1364 2122 carmen,
1416 2028 1596 2122 sive,
1661 2027 1835 2125 quod
1901 2028 2040 2101 veri
2102 2026 2376 2101 similius
2443 2034 2583 2121 est,
2647 2033 2963 2123 corrupta

727 2130 842 2204 alii
902 2131 1313 2228 grammatici
1374 2130 1568 2204 aliter
1629 2130 2076 2204 emendarunt.
2211 2128 2367 2204 Vna
2425 2130 2657 2205 harum
2716 2130 2961 2204 lectio-

726 2257 883 2309 num
931 2234 1097 2308 haec
1143 2232 1308 2307 fuit·

781 2415 790 2431 ·
927 2376 1001 2447 εἰ
1046 2369 1140 2446 δέ
1179 2399 1314 2471 μοι
1374 2365 1465 2468 ἧς
1513 2368 1710 2446 οσσα
1770 2365 2102 2472 Κροῖσόν
2162 2394 2360 2445 ποκα
2424 2368 2660 2472 φαντὶ
2718 2376 2965 2446 πεπᾶ-

922 2571 1234 2676 χρύσεοι
1285 2572 1705 2676 ἀμφότεροί
1750 2576 1813 2651 κ’
1871 2476 2321 2672 ἄνῗέιῖἶεθα
2360 2584 2458 2673 τᾷ
2501 2574 2962 2707 Ἀφροδίτᾳ,

891 2706 1086 2766 τως
1128 2678 1224 2758 τι)
1274 2677 1423 2778 μὲν
1470 2679 1701 2764 αὐλὸς
1752 2681 2029 2778 εχοισοι,
2081 2679 2212 2754 καὶ
2255 2680 2303 2778 ἢ
2356 2677 2611 2777 ῥόδον,
2661 2678 2711 2777 ἢ
2761 2674 2964 2783 τύγα

937 2894 1188 2987 σχῆμα
1238 2883 1322 2963 δ’
1375 2882 1523 2988 ἐγω
1575 2883 1705 2961 καὶ
1753 2790 2808 3063 καινοίξέπῖἴοιιιφοτὲροισιν*
2758 2882 2965 2984 ἀμύ-

1951 3018 1999 3063 κ
2042 3017 2152 3073 ας.

728 3123 828 3204 Et
874 3127 1047 3201 hanc
1112 3125 1372 3225 quidem
1439 3150 1562 3222 ego
1614 3125 1697 3198 ab
1762 3124 1970 3223 ipsius
2037 3132 2273 3223 poetae
2337 3146 2534 3197 manu
2597 3122 2979 3222 profectam,

731 3229 1121 3302 existimem.
1226 3236 1530 3326 Σχῆμα,
1584 3227 1756 3326 quod
1808 3228 2067 3325 quidam
2128 3227 2447 3324 permiris
2490 3226 2700 3300 modis
2747 3226 2969 3301 inter-

728 3333 971 3432 pretati
1022 3338 1198 3424 sunt,
1248 3337 1506 3427 gestum
1554 3328 1903 3426 significat.
2005 3328 2179 3402 Nam
2228 3337 2303 3401 ut
2352 3328 2750 3425 Bombycam
2800 3331 2975 3404 tibi-

730 3434 920 3508 cinae
969 3433 1219 3526 habitu,
1273 3433 1372 3507 sic
1422 3457 1495 3506 se
1545 3433 1843 3506 saltantis
1893 3432 1977 3507 ad
2027 3432 2221 3506 tibias
2270 3434 2494 3533 specie
2543 3431 2703 3529 fingi
2751 3434 2964 3532 cupit.

730 3535 967 3612 Altera
1013 3538 1213 3611 lectio
1263 3537 1414 3610 talis
1462 3536 1624 3609 fuit:

934 3695 1003 3766 εἰ
1051 3688 1142 3766 δέ
1183 3719 1317 3790 μοι
1382 3692 1491 3785 εἰη
1546 3686 1690 3815 οσοι
1751 3683 2087 3788 Κροῖσόν
2155 3715 2352 3764 ποκα
2421 3687 2659 3790 φαντὶ
2717 3699 2966 3767 πεπᾶ-

928 3891 1241 3995 χρύσεοι
1291 3890 1712 4025 ἀμφότεροί
1758 3893 1821 3969 τ’
1797 3793 2330 3992 ’affixe-90⁶
2369 3901 2466 3992 τᾷ
2503 3893 2961 4023 Ἀφροδίτᾳ,

939 3999 1089 4086 τώς
1160 3995 1406 4083 αὕλως
1471 4026 1601 4075 κεν
1668 3999 1982 4097 ἔχοισθα
2049 4027 2178 4073 και
2240 3995 2290 4092 ἢ
2357 3995 2587 4096 ῥόδον
2649 3998 2699 4096 ἢ
2762 3994 2963 4102 τύγα

939 4211 1192 4304 σχοῖμι
1241 4204 1324 4280 δ’
1377 4201 1526 4309 ἔγω
1563 4201 1693 4279 καὶ
1725 4108 2809 4383 καινάζὲᾂιονᾶμφοτὲροισιν’
2759 4197 2964 4302 αμύ-

1953 4337 2002 4383 κ
2044 4336 2132 4392 ας
2316 4334 2327 4344 ·

730 4457 879 4534 Nisi
928 4460 999 4534 in
1047 4460 1173 4535 hac
1222 4461 1504 4536 lectione
1553 4458 1871 4562 seriptum
1920 4461 2046 4535 fuit
2093 4462 2270 4537 αἴθε
2319 4488 2455 4559 μοι
2503 4461 2635 4553 εἴη.
