3275 5317
953 1298 1853 1376 ExcERPTA

462 1471 574 1536 EX
612 1405 987 1538 CENSVIiA
1017 1473 1262 1537 HENR.
1302 1472 1566 1538 RASPII
1608 1472 2353 1538 COMMENTATIONIS
2444 1501 2449 1504 ·

1366 1655 1469 1706 ΠΕ

361 1924 376 1932 β
621 1755 2047 1887 ἘνΡοιΙῡΙε

297 1969 1076 2074 Alamos}
1167 1987 1343 2075 Ac
1455 1970 2528 2106 HOAE2JNo.

291 2417 400 2529 In
449 2449 800 2553 Eupolidis
866 2453 1155 2554 Δήμων
1218 2456 1586 2554 fragmento
1653 2447 1851 2532 tertio
1917 2465 2103 2556 patet
2179 2482 2391 2557 neque
2451 2460 2537 2532 ab

292 2559 815 2657 interpunctione
864 2584 1078 2659 neque
1129 2586 1174 2633 a
1238 2585 1516 2635 caesura
1575 2559 2073 2635 excusationem
2134 2562 2277 2663 peti
2339 2586 2538 2660 posse

292 2662 499 2740 hiatui
546 2663 618 2735 in
665 2661 807 2757 his,

500 2796 726 2876 ὁπότε
790 2800 1186 2902 παρέλθοι,
1240 2800 1478 2902 ὥςπερ
1532 2800 1846 2905 οἷ’γαθοὶ
1895 2800 2212 2901 δρομῆς,

296 2938 415 3013 sed
463 2934 882 3037 inserendum
934 2963 1079 3012 esse
1130 2938 1239 3015 δ’.

498 3039 584 3124 In
633 3050 824 3116 sexto
891 3042 1254 3139 fragmento
1316 3048 1502 3116 recte
1567 3041 1829 3140 quidem
1892 3040 2183 3140 Raspius
2235 3037 2537 3116 Valcke-

297 3144 466 3218 narii
531 3145 1047 3219 emendationem
1111 3147 1347 3244 probat
1360 3197 1387 3240 ‚
1456 3145 1716 3246 κριοὺς
1769 3145 1877 3244 ἔμ’
1946 3148 2307 3248 ἐκγεννᾶν
2321 3198 2348 3239 ,
2413 3146 2538 3219 sed

295 3248 528 3321 afferre
580 3247 855 3324 debebat
901 3250 1342 3347 proverbium,
1395 3273 1524 3347 quo
1551 3274 1631 3323 ea
1662 3247 2027 3324 emendatio
2054 3250 2311 3344 nititur,
2363 3249 2538 3347 quod

294 3350 452 3426 fecit
504 3351 763 3424 demum
812 3377 884 3451 p.
936 3355 1064 3427 77.
1115 3353 1186 3423 in
1236 3353 1653 3427 adnotatione
1704 3356 1834 3426 41.

498 3450 614 3528 Ad
662 3456 1007 3553 septimum
1056 3456 1488 3553 fragmentum
1532 3482 1604 3555 p.
1660 3460 1787 3530 24.
1837 3453 2196 3529 Frit'zschii
2244 3454 2533 3552 suspicio

294 3564 718 3651 memoratur,
768 3559 853 3631 ab
902 3558 1257 3633 scholiasta
1304 3557 1767 3659 Aristophanis
1820 3559 1904 3633 ad
1951 3556 2215 3656 Vespas
2264 3583 2330 3631 v.
2354 3561 2535 3632 997.

298 3659 597 3757 (1001.)
637 3686 769 3734 non
804 3669 988 3735 recte
1031 3663 1103 3735 in
1145 3661 1299 3735 filiis
1337 3662 1766 3762 Hippocratis
1805 3661 2134 3736 Periclem
2184 3661 2533 3754 nominari,

297 3765 414 3837 sed
435 3764 781 3861 legendum
808 3789 953 3838 esse
971 3763 1404 3870 Βουζύγην,
1437 3768 1610 3864 quod
1626 3790 1987 3864 cognomen
2003 3766 2090 3838 sit
2102 3763 2531 3842 Demostrati.

294 3864 378 3939 Id
401 3866 722 3965 quomodo
747 3868 1025 3967 intelligi
1074 3869 1333 3964 debeat,
1382 3869 1616 3945 lectori
1655 3869 1913 3942 demum
1952 3892 2023 3967 p.
2051 3867 2178 3941 55.
2229 3866 2535 3966 patescit.

296 3966 438 4045 Sed
487 3978 707 4045 tamen
756 3996 969 4071 neque
1002 3972 1170 4048 haec
1218 3997 1429 4071 neque
1479 3973 1649 4046 aliae
1715 3971 1796 4045 de
1858 3971 1988 4046 isto
2053 3969 2316 4044 Pericle
2368 3994 2536 4044 con-

294 4072 587 4147 iecturae
655 4074 844 4150 valde
924 4084 1077 4152 sunt
1148 4076 1548 4151 verisimiles.
1680 4075 1961 4172 Reisigii
2039 4082 2315 4148 conatus
2329 4124 2356 4165 ‚
2424 4073 2534 4170 qni

466 4386 526 4468 *)
567 4388 637 4448 In
677 4385 910 4448 Diumis
953 4386 1298 4448 scholasticis
1342 4408 1393 4454 a.
1459 4389 1645 4453 1833.
1688 4405 1766 4451 m.
1810 4386 2035 4451 Ianuar.
2078 4402 2139 4446 n.
2188 4386 2286 4448 13.

397 4471 670 4547 HERM.
724 4469 867 4548 Or.
918 4469 1012 4545 V.
2058 4469 2129 4542 T
