3275 5317
1185 471 1687 537 LchnolA
2115 434 2129 447 ⁴
2462 475 2553 546 ao
2698 490 2705 496 ·

360 662 367 670 ·
420 687 429 696 ,
514 629 896 732 ἡμετέρων
945 627 1184 732 ὖρᾶᾳς
1234 631 1702 735 ἀναθήματα
1751 645 1998 716 ταῦτα
2045 634 2499 740 mad-§mno-

315 774 380 842 ct
422 769 719 867 pluribus
770 768 843 841 in
890 769 1006 842 illa
1056 770 1375 846 oratione.

510 868 720 946 Aliud
764 873 1195 970 fragmentum
1246 874 1442 949 habet
1504 876 1891 953 scholiastes
1953 875 2415 978 Aristophanis
2464 878 2554 953 ad

286 971 590 1072 ‚Equites
656 1001 721 1049 v.
784 980 821 1047 1
838 979 1006 1050 147.
1075 977 1187 1075 qui
1252 979 1469 1051 varios
1533 979 1941 1076 significatus
2009 983 2244 1080 quibus
2313 980 2653 1079 κημός24
2717 947 2720 950 Δ

311 1078 565 1150 dicatur
616 1102 1026 1173 enumerans,
1078 1080 1206 1154 hoc
1255 1080 1522 1156 inserite
1573 1081 1953 1182 Αἰσχύλος
1996 1088 2081 1162 ἐν
2114 1083 2559 1189 Λυκούργῳ·

228 1234 236 1242 -
312 1180 821 1283 ἅλληγορικῶς
883 1183 1062 1268 τοὺς
1129 1183 1458 1285 δεσμοὺς
1523 1186 1812 1285 κημούς
1880 1192 2121 1289 εἴρηκε
2187 1188 2322 1267 διὰ
2369 1187 2552 1267 τού-

307 1311 463 1361 των
477 1304 497 1322 ·

719 1386 849 1463 καὶ
896 1381 1171 1486 ’τούςὸο
1212 1391 1495 1490 κημούς
1548 1388 1956 1493 στόματος·

718 1502 803 1564 et
848 1492 1008 1565 oris
1058 1496 1252 1569 haec
1302 1495 1673 1595 capistra.

309 1626 687 1724 Bottigerus
705 1682 730 1723 ,
802 1631 912 1730 qui
962 1631 1296 1731 Marsyam
1359 1633 1432 1706 in
1480 1629 1795 1732 Lycurgo
1861 1633 2304 1712 introductum
2351 1642 2551 1735 puta-

310 1732 441 1824 hat,
497 1732 569 1802 in
618 1732 858 1807 Museo
908 1731 1140 1809 Attico
1194 1737 1324 1810 vol.
1378 1736 1440 1811 Ι.
1493 1763 1565 1836 p.
1622 1739 1801 1813 358.
1852 1739 2133 1836 negabat
2181 1739 2347 1813 haec
2397 1764 2555 1813 ver·-

310 1834 393 1906 ba
455 1834 587 1908 alio
657 1861 850 1934 quam
916 1837 1001 1910 ad
1071 1839 1443 1938 φορβειὰν
1493 1841 1802 1939 Marsyae
1851 1867 2048 1941 posse
2097 1842 2353 1915 referri.
2455 1838 2554 1915 At

311 1962 519 2035 neque
572 1939 833 2013 omnino
886 1940 967 2013 ‹le
1018 1939 1323 2038 Marsyae
1385 1944 1681 2042 partibus
1744 1944 1816 2016 in
1880 1945 2006 2016 hac
2070 1945 2290 2017 fabula
2356 1943 2554 2041 quid-

312 2065 501 2139 quam
551 2039 746 2114 fidem
795 2043 994 2137 facit,
1062 2068 1212 2139 nec,
1266 2045 1326 2117 si
1378 2044 1755 2146 φορβειὰν
1821 2045 2176 2144 significari
2238 2047 2553 2120 voluisset

310 2139 702 2240 Aeschylus,
757 2146 828 2217 id
880 2146 1298 2221 scholiastam
1347 2147 1677 2249 δεσμοὺς
1729 2149 1975 2223 dixisse
2005 2150 2292 2223 credam.
2395 2145 2552 2222 Ad-

311 2246 627 2319 hibuisset
676 2249 850 2321 enim
899 2250 1116 2347 ipsum
1164 2251 1327 2324 illud
1376 2277 1614 2326 nomen
1666 2249 2019 2353 φορβειᾶ,
2071 2260 2147 2325 ut
2197 2252 2365 2324 alius
2416 2252 2550 2323 ibi-

315 2350 457 2421 dem
509 2350 924 2447 scholiastes»,
981 2353 1093 2449 qui
1144 2355 1374 2429 scribit
1421 2356 1551 2432 καὶ
1603 2360 1683 2432 αἱ
1713 2354 2105 2453 αὐλητικαὶ
2155 2352 2547 2456 φορβειαί·

313 2453 438 2529 καὶ
486 2452 750 2549 κρίκου
803 2484 877 2530 τι
927 2458 1179 2558 γένος.
1235 2483 1509 2556 quorum
1557 2461 1887 2558 posterius
1937 2459 2099 2532 illud
2165 2483 2311 2531 esse
2363 2458 2551 2532 vide-

312 2565 440 2652 tur,
497 2557 677 2657 quocl
721 2558 889 2632 alter
937 2557 1260 2656 δεσμοὺς
1312 2563 1619 2661 appellat.
1721 2563 1954 2661 Itaque
2007 2563 2106 2636 sic
2134 2562 2353 2662 potius
2406 2567 2552 2635 sta-

313 2661 620 2733 tuendum
645 2661 948 2755 arbitror,
1001 2687 1365 2737 sermonem
1396 2691 1541 2739 esse
1571 2667 1652 2739 de
1699 2666 2028 2764 quopiam,
2081 2665 2215 2757 cui,
2269 2664 2550 2738 fortasse

315 2764 484 2861 quod
534 2763 911 2861 loqueretur
971 2766 1371 2863 petulantius
1385 2820 1411 2864 ,
1492 2794 1568 2843 os
1620 2770 1907 2869 capistro
1964 2769 2064 2842 vel
2113 2767 2549 2864 colligandum

315 2875 510 2961 esset,
563 2867 670 2939 vel
720 2876 895 2941 esset
942 2868 1076 2942 iam
1126 2870 1526 2965 colligatum.

516 2966 926 3043 Scholiastes
974 2969 1328 3069 Sophoclis
1378 2974 1465 3045 ad
1514 2971 1693 3047 Oed.
1746 2972 1895 3047 Col.
1946 2975 2121 3047 674.
2176 2971 2549 3067 ἀνέχουσα

315 3070 601 3149 κισσόν.
655 3071 842 3174 ὑπὲρ
896 3075 1177 3172 ἑαυτὴν
1228 3076 1502 3170 ἔχουσα
1552 3075 1642 3152 τὸ
1695 3069 1981 3175 φυτόν,
2036 3076 2207 3154 ἄνω
2274 3076 2551 3172 ἔχουσα

315 3175 450 3255 τὸν
498 3172 766 3253 κισσόν
793 3199 809 3214 ·
865 3175 969 3262 ὥς
1020 3181 1103 3255 ἐν
1152 3173 1586 3284 Λυκούργῳ
1634 3176 2013 3277 Αἰσχύλος
2033 3203 2053 3222 ·

722 3315 949 3391 ἄκουε
1001 3314 1084 3391 δ’
1138 3316 1254 3393 ἄν’
1311 3313 1443 3403 οὗς
1494 3319 1689 3416 ἔχων
1709 3338 1726 3358 ·

722 3442 992 3491 awmm
1042 3418 1310 3514 arrige
1323 3473 1350 3514 ,
1401 3430 1500 3494 ut
1544 3420 1843 3494 audias.
1948 3502 1952 3507 ,

316 3552 559 3629 Suidas
611 3564 680 3629 et
729 3553 1139 3630 Favorinust
1206 3559 1322 3635 ἄν’
1376 3554 1509 3643 οὗς
1562 3561 1781 3657 ἔχων,
1835 3555 2010 3635 ἀντὶ
2057 3564 2196 3632 τοῦ
2248 3557 2411 3633 ἄνω
2458 3555 2548 3631 τὸ

316 3655 446 3743 οὖς
492 3660 713 3755 ἔχων.
818 3657 950 3733 Est
1013 3660 1123 3735 hic
1188 3662 1549 3735 versiculus
1617 3688 1703 3735 ex
1770 3662 2005 3735 melico
2074 3659 2362 3734 carmine
2429 3659 2553 3733 ‹le-

315 3770 692 3861 promptus,
784 3764 1071 3838 numeris
1147 3765 1249 3837 rei
1328 3764 2057 3839 accommodatissimisz
2145 3788 2272 3861 quo
2339 3763 2551 3834 minus

318 3866 638 3939 assentior
690 3862 783 3940 Gr.
834 3865 1205 3960 Dindorfio,
1260 3876 1374 3941 aut
1427 3870 1654 3945 ἄκουε
1708 3866 1791 3945 δὲ
1841 3869 1914 3940 in
1961 3865 2091 3939 fine
2117 3866 2395 3938 trimetri
2423 3890 2551 3963 po·-

318 3969 536 4062 situm,
590 3978 705 4043 aut
754 3994 905 4043 cum
953 3969 1228 4044 Butlero
1281 3972 1490 4048 ἄκου’
1544 3973 1661 4049 ἄν’
1717 3966 1848 4056 οὖς
1903 3974 2096 4065 ἔχων
2139 3968 2552 4042 scribendum

319 4072 630 4145 censenti.
681 4069 1053 4146 Locutione
1102 4073 1219 4146 illa
1265 4099 1425 4147 usus
1477 4084 1579 4149 est
1630 4076 1829 4149 etiam
1880 4072 2219 4169 Theognis
2269 4096 2334 4143 v.
2370 4071 2548 4144 883.

516 4207 709 4307 μηδὲ
762 4206 929 4306 λίην
978 4206 1300 4311 κήρυκος
1353 4213 1473 4289 ἄν’
1529 4208 1664 4298 οὗς
1717 4214 1829 4309 ἔχε
1868 4207 2126 4310 μακρὰ
2174 4209 2545 4307 βοῶντος·

518 4345 922 4445 Hesychiusz
989 4346 1408 4436 ἀνούτατος
1417 4405 1445 4440 ,
1527 4353 1863 4452 ἄτρωτος
1929 4351 2011 4424 ἐκ
2067 4341 2338 4445 χειρός.
2403 4351 2552 4424 Az-

321 4445 588 4547 σχύλος
636 4447 1087 4556 Λυκούργῳ.
1193 4450 1348 4529 Νοιι
1398 4462 1601 4550 essa,
1653 4453 1924 4554 opinor,
1974 4451 2084 4526 sic
2150 4449 2548 4550 interpreta-
