3275 5317
634 516 643 525 ,
735 443 868 512 26⁰
1362 444 1483 541 DE
1524 444 1898 539 FABVLA
1940 446 2335 537 TQGATA

948 607 1254 706 Denique
1317 604 1761 681 Neukirchius
1827 633 2082 682 omnem
2144 606 2510 682 fabulartfin
2576 609 2990 684 scenicarum

747 712 922 812 apud
971 711 1307 784 Romanos
1360 710 1741 784 varietatem
1793 712 2044 785 duabus
2108 711 2345 785 tabulis
2411 710 2810 811 descriptam
2864 739 2994 787 ex-

748 815 1041 915 plicavit,
1064 853 1069 859 ·
1095 838 1227 886 una
1274 821 1563 887 ⁴veterum
1612 816 1932 889 rationem
1983 824 2321 912 sequutus,
2376 814 2582 888 altera
2634 841 2722 888 ex
2749 841 2999 890 recen-

753 920 991 993 tiorum
1040 941 1166 989 usu
1214 917 1588 1014 tragoediae
1639 943 1875 991 nomen
1924 918 2122 992 latius
2159 917 2570 1010 extendens,
2625 928 2730 992 eo'
2758 927 2835 991 ut
2890 930 3000 993 et·

752 1023 885 1095 iam
933 1027 1383 1118 praetextatae
1434 1022 2084 1116 comprehendantur.
2165 1019 2457 1093 Facilior
2481 1021 2671 1095 nobis
2724 1030 2793 1095 et
2842 1022 3000 1118 pla-

756 1125 925 1198 nior.
950 1124 1065 1194 illa
1115 1122 1468 1221 descriptio
1520 1124 1815 1217 videtur,
1869 1147 2063 1221 quam
2112 1122 2412 1219 Langius
2465 1124 2645 1197 dedit
2691 1123 2763 1195 in
2816 1123 3000 1196 Vin-

762 1227 953 1300 diciis
1003 1226 1376 1323 tragoediae
1429 1226 1768 1300 Romanae
1832 1253 1901 1325 p.
1959 1227 2083 1299 52.
2205 1225 2416 1318 Quin,
2481 1227 2542 1300 si
2604 1226 2815 1300 solum
2885 1253 3000 1300 re-

760 1330 1072 1428 spicimus
1125 1329 1534 1426 antiquorum
1587 1339 1657 1403 et
1704 1331 2122 1427 probatorum
2173 1329 2566 1426 scriptorum
2617 1353 2835 1422 usum,
2892 1342 3001 1403 et·-

758 1434 889 1505 iam
940 1431 1299 1530 simplicior
1349 1433 1517 1505 ratio
1566 1433 1928 1527 invenitur,
1964 1433 2093 1505 hoc
2142 1431 2373 1506 modo=

1426 1624 1435 1635 .
1496 1564 1501 1581 ³
1563 1567 1631 1640 A
1645 1596 1682 1642 r
1696 1596 1741 1667 g
1757 1594 1800 1641 u
1813 1596 1877 1642 m
1894 1595 1931 1643 e
1946 1594 1992 1641 n
2005 1577 2095 1642 t*u
2109 1593 2175 1640 m

1102 1707 1485 1778 Graecum
1613 1789 1618 1794 ¹
2252 1696 2691 1779 Romanum

864 1825 1270 1927 crepidam
1320 1825 1777 1930 (τραγῳδία)
1906 1836 2447 1927 praetextata.

849 1929 1195 2030 palliata
1248 1928 1676 2030 (κωμῳδία)
1881 1932 1886 1937 ’
1930 1940 2248 2023 togata,
2287 1930 2534 2003 ‘cuim
2607 1929 2774 2002 alia
2828 1941 3004 2002 tra-
3127 2010 3138 2033 1

790 2106 800 2113 η
1599 2053 1631 2070 f
2033 2031 2285 2127 beata,
2328 2034 2491 2105 alia
2516 2033 3002 2107 tabernaria.

868 2136 1215 2233 satyrica
1266 2135 1645 2239 (σάτυροι)
1928 2133 2313 2211 Atellana.

806 2260 811 2267 ·
866 2240 1140 2312 mimus
1195 2242 1486 2339 (μῖμος)
1916 2239 2293 2339 planipes.

766 2359 939 2433 Nam
989 2358 1336 2435 Atellanae
1406 2360 1531 2433 etsi
1579 2385 1711 2433 non
1780 2369 1969 2433 erant
2031 2360 2291 2433 fabulae
2355 2359 2675 2457 satyricae
2690 2411 2717 2452 ,
2783 2368 3004 2433 tamen

766 2464 975 2536 vicem
1026 2471 1387 2558 satyrorum
1437 2464 1610 2559 apud
1662 2462 2001 2535 Romanos
2052 2464 2481 2551 sustinebant.
2535 2524 2538 2525 γ
2598 2463 3010 2537 Rhinthoni-

769 2589 889 2638 cae
938 2564 1194 2637 fabulae
1246 2565 1305 2636 si
1355 2574 1507 2637 sunt
1570 2565 1642 2636 in
1704 2566 1831 2637 hac
1896 2565 2121 2638 tabula
2193 2566 2646 2639 memorandae
2660 2617 2687 2659 ,
2766 2591 3005 2639 nume-

776 2669 1020 2741 randae
1071 2677 1262 2741 erunt
1308 2668 1380 2738 in
1431 2667 1811 2742 comoediiS.
2589 2746 2604 2773 ι

975 2768 1286 2845 Ostendit
1331 2797 1529 2870 porro
1577 2769 2017 2844 Neukirchius
2032 2824 2057 2866 ,
2108 2773 2180 2843 in
2228 2772 2467 2868 togatis
2482 2823 2508 2865 ,
2561 2796 2689 2869 quo
2742 2773 3007 2846 nomine

766 2876 963 2949 ctiam
1012 2882 1455 2974 praetextatas
1508 2875 2018 2973 comprehendit,
2071 2900 2204 2948 non
2254 2890 2512 2973 semper
2559 2874 2816 2949 Romae
2865 2900 3005 2947 rem

767 2987 1019 3075 gestam
1081 2976 1265 3075 fingi.
1382 2976 1643 3051 Deinde
1708 2976 2051 3065 Niebuhrii
2115 2979 2378 3074 attingit
2443 2977 2839 3075 opinionem,
2895 2978 3004 3076 qui

767 3082 839 3152 in
901 3081 1198 3153 Historia
1260 3080 1561 3153 Romana
1626 3081 1757 3154 vol.
1827 3078 1889 3153 I.
1955 3106 2025 3177 p.
2095 3080 2268 3155 543.
2354 3081 2565 3174 (578.
2635 3081 2745 3152 ed.
2811 3082 3000 3171 tert.)

769 3185 910 3254 sine
963 3206 1201 3255 caussa
1264 3184 1625 3276 statuebat,
1693 3208 1826 3255 non
1883 3185 2131 3256 -solum-
2159 3182 2494 3257 Atellanas
2509 3235 2535 3276 ,
2619 3182 2764 3256 sed·
2804 3184 3004 3257 etiam

769 3292 1239 3382 praetextatas,
1292 3309 1454 3382 quas
1504 3287 1717 3358 minus
1769 3294 2079 3359 accurate
2120 3295 2375 3383 togatas
2406 3287 2704 3378 vocabat,
2759 3286 2842 3356 ab
2894 3286 3002 3358 in-

769 3387 1000 3485 genuis
1049 3386 1366 3460 Romanis
1417 3413 1562 3461 esse
1613 3397 1820 3462 actas.
1924 3387 2183 3461 Deinde
2237 3390 2567 3487 componit
2610 3390 3002 3481 dissensum,

773 3490 885 3589 qui
938 3499 1039 3565 est
1086 3491 1258 3564 inter
1306 3489 1665 3564 Asconium
1720 3493 1805 3565 ad
1856 3488 2198 3565 Ciceronis
2248 3490 2406 3564 Dir.
2474 3492 2542 3563 in
2598 3491 2685 3584 Q.
2758 3490 3004 3565 Caeci-

770 3592 930 3666 lium
981 3620 1045 3667 c.
1106 3592 1225 3666 15.
1281 3603 1349 3667 et
1396 3592 1783 3667 Diomedem
1832 3620 1899 3692 p.
1954 3598 2132 3668 488.
2201 3618 2474 3692 quorum
2535 3592 2878 3668 Asconius*
2924 3595 3006 3688 de

771 3697 1006 3769 fabulis
1059 3697 1342 3793 palliatis
1392 3698 1656 3770 scribit:
1708 3697 1794 3769 in
1843 3697 1962 3769 In’s
2012 3697 2209 3768 enim
2226 3750 2252 3790 ,
2282 3728 2288 3735 ’
2316 3697 2627 3771 ειίαοηεί
2665 3695 3003 3770 Latinae

772 3809 974 3887 sunt,
1038 3799 1344 3871 Graeca
1395 3799 1653 3872 onmia
1715 3811 2159 3873 servmvtur:
2226 3824 2409 3872 nam
2472 3800 2807 3874 Latinae
2829 3808 2836 3815 “
2855 3803 3001 3898 fa-

773 3901 996 3975 bulae
1047 3927 1204 4001 per
1251 3903 1671 4001 panciores
1724 3904 2158 3998 agebantur
2200 3927 2597 4002 personas,
2647 3916 2746 3978 nt
2780 3904 3004 3978 Atel-

771 4006 1053 4101 lanae,
1083 4002 1424 4101 togatae,
1477 4018 1561 4081 et
1579 4007 2019 4080 huiusmodi
2059 4007 2263 4080 aliae
2276 4035 2311 4097 ;
2358 4007 2715 4082 Diomedes
2742 4019 2997 4084 autem:

724 4143 731 4149 ·
771 4108 857 4182 in
884 4138 889 4144 ·
918 4110 1216 4183 Graeco
1244 4109 1598 4182 dramate
1629 4113 1824 4206 fere
1854 4124 2013 4184 tres
2048 4135 2434 4211 personae
2467 4111 2673 4184 solae
2708 4123 2997 4207 agunte

726 4212 1084 4313 ‘ideoque
1151 4213 1534 4287 Horatius
1599 4214 1756 4310 ait,
1821 4241 1990 4305 nec
2042 4226 2401 4313 quarta
2464 4215 2997 4315 loqnt’per-

773 4339 869 4386 so
892 4341 1012 4388 na
1082 4316 1507 4413 laboret,
1575 4319 1759 4417 qnia
1820 4330 2102 4418 quarta
2168 4343 2463 4421 semper
2530 4331 2771 4394 muta.
2894 4319 3001 4391 At

771 4416 1046 4492 Latini
1074 4420 1498 4518 scriptores
1550 4424 1975 4525 complures
1989 4446 2362 4524 personas
2391 4422 2476 4497 in
2505 4422 2839 4519 fabulas
2870 4423 3000 4496 in·
