3275 5317
1106 501 1636 576 POETARVM
1676 509 1785 569 etc.
2431 501 2560 576 189

534 666 816 793 γρῖφον
863 659 1308 763 προβάλλεις
1354 672 1677 755 τοῦτον,
1730 669 1964 743 εἰπεῖν
1973 718 2003 756 ,
2019 662 2407 763 ‘dffono‘cm

531 775 664 862 τῆς
686 766 1057 899 ἁρπαγῆς
1104 776 1245 844 τοῦ
1296 767 1566 855 παιδὸς
1614 773 1684 845 εἶ
1734 765 2047 856 ξύνοιδά
2096 798 2197 858 τι,

528 867 579 966 ἢ
628 868 707 946 τί
755 866 1080 947 δύναται
1128 869 1216 947 τὸ
1271 873 1548 968 ῥηθέν;
1613 875 1718 947 A.
1787 873 1926 959 ε’ξω
1974 901 2089 958 τις
2137 869 2341 950 δότω

534 968 822 1103 ἱμάντα
870 973 1170 1070 ταχέως.
1240 979 1349 1050 11.
1403 973 1497 1051 ὅν
1532 973 1613 1076 γ’
1668 973 1815 1078 ἐγω
1869 975 2009 1053 οὐκ
2059 977 2304 1080 ἔγνων
2353 980 2553 1063 ισως.

535 1078 784 1152 ἔπειτα
834 1084 1058 1153 τοῦτο
1094 1075 1399 1205 ζημιοῖς
1446 1099 1687 1177 μεςμ
1625 1077 2033 1179 μηδαμῶς·

532 1179 771 1277 ἅλμης
821 1179 903 1255 δ’
956 1183 1181 1311 ἐχρῆν
1229 1209 1304 1256 τι
1352 1181 1818 1281 παραφέρειν
1866 1177 2248 1281 ποτήριον.

534 1285 638 1359 A.
692 1282 894 1358 οἷσθ’
949 1279 1090 1359 οὗν
1136 1282 1336 1368 ὅπως
1360 1282 1481 1359 δεῖ
1497 1282 1726 1360 τοῦτό
1754 1286 1820 1361 σ”
1847 1288 2161 1377 ἐκπιεῖν;
2211 1288 2319 1360 II.
2373 1280 2561 1388 &7063

535 1384 810 1505 κομιδῇ
883 1415 993 1490 γε.
1074 1389 1180 1463 Λ.
1230 1394 1433 1478 πῶς;
1497 1393 1605 1462 ΙΙ.
1674 1388 2028 1490 ἐνέχυρον
2078 1383 2561 1489 ἀποφέροντά

1553 1514 1716 1567 σου.

458 1584 632 1668 A.
683 1592 853 1679 ου’κ,
907 1590 1062 1666 ἀλλ’
1117 1590 1360 1669 ὀπίσω
1407 1589 1519 1669 τώ
1560 1599 1766 1696 χεῖρε
1817 1588 2240 1693 ποιήσαντα
2291 1592 2415 1672 δεῖ

531 1694 768 1772 ἕλκειν
818 1692 1201 1771 ἀπνευστί.

321 1829 705 1929 Legebatur
755 1831 918 1910 οἷον
970 1834 1110 1910 οὐκ
1177 1835 1422 1954 ἔγνων
1482 1838 1665 1920 ισως
1731 1841 1801 1908 et
1864 1830 2349 1936 ἀποφέροντά
2416 1859 2557 1913 σοι.

322 1931 576 2009 Servus
627 1959 1027 2034 praecavens
1077 1936 1202 2009 sibi
1252 1961 1336 2011 ne
1384 1937 1544 2011 loris
1595 1936 1947 2032 caedatur,
1997 1938 2118 2032 ita,
2168 1938 2404 2036 inquit,
2454 1963 2563 2012 me

319 2039 635 2135 poculum
685 2039 942 2113 ebibere
988 2046 1276 2161 eportet,
1329 2047 1405 2114 ut
1452 2039 1522 2112 id
1570 2065 1694 2138 pro
1743 2039 2016 2138 pignore
2067 2064 2110 2113 a
2136 2047 2203 2114 te
2229 2041 2519 2114 auferam
2529 2092 2561 2136 ,

321 2165 450 2238 quo
502 2166 721 2215 meum
770 2142 899 2238 sit,
952 2143 1013 2215 si
1060 2150 1135 2216 tu
1198 2166 1304 2216 me
1355 2142 1618 2229 caedas.
1720 2142 1996 2217 Minime
2044 2168 2229 2237 vero,
2277 2168 2564 2243 respon-

322 2244 435 2318 det
487 2269 731 2318 senex.
782 2270 868 2318 ne
917 2253 1150 2343 tanges
1201 2245 1487 2343 quidem,
1537 2246 1658 2320 sed
1704 2245 1970 2322 reiectis
2018 2245 2091 2321 in
2120 2247 2383 2320 dorsum
2408 2270 2562 2321 ma-

319 2346 515 2420 nibus
564 2372 696 2423 ιιιιο
747 2348 982 2447 spiritu
1033 2348 1281 2423 trahes.

529 2447 645 2524 Ad
691 2450 901 2525 Rhesi
950 2476 1017 2526 v.
1071 2455 1251 2525 419.
1300 2451 1541 2550 legitur
1603 2450 1734 2526 hoo
1800 2450 2133 2526 scholion.
2203 2452 2558 2551 ἄμυστιν.

324 2555 397 2630 οἳ
443 2550 593 2653 μὲν
658 2551 1021 2684 ποτηρίου
1072 2553 1272 2642 εἶδος
1338 2551 1896 2652 ἐπιτηδειότητα
1963 2557 2135 2651 ἔχον
2184 2555 2373 2656 πρὸς
2421 2554 2561 2643 τὰς

323 2655 612 2756 ἀμυστὶ
656 2653 931 2743 πόσεις
984 2657 1086 2744 ὥς
1137 2661 1221 2736 ἐν
1272 2658 1463 2755 αὐτῇ
1519 2656 1666 2735 συν
1714 2667 1825 2758 τῷ
1863 2657 2191 2757 βαθείας
2238 2658 2368 2734 καὶ
2415 2687 2567 2737 πυ-

322 2788 510 2846 κνας
562 2761 859 2838 ε’λκουσι
906 2756 1044 2846 τας
1095 2759 1540 2892 αμυστίδας.
1594 2762 1806 2838 ἄλλοι
1855 2759 1942 2838 δὲ
1971 2760 2091 2837 ἐπὶ
2119 2768 2251 2858 τῆς
2274 2763 2558 2840 ἄπνευ-

327 2864 449 2941 στὶ
497 2859 784 2950 τάσεως
856 2860 1215 2942 ταττουσι
1263 2863 1351 2941 τὸ
1417 2865 1668 2962 ὄνομα
1732 2862 1835 2949 ὥς
1897 2870 2314 2965 Κρατῖνος·
2378 2864 2552 2942 ἄλλ’

324 2963 465 3045 οὗν
519 2966 709 3045 θεὸν
757 2966 1170 3056 πείσαντες,
1218 2976 1501 3064 μῢστιν
1547 2966 1671 3042 δεῖ
1712 2972 1974 3044 ποιεῖν.
2089 2965 2174 3040 In
2221 2968 2326 3041 his
2378 2965 2612 3047 Cra-9·

324 3071 446 3145 tini
498 3094 759 3145 versum
806 3079 990 3145 reete
1035 3071 1141 3145 sie
1191 3070 1556 3145 emendavit
1602 3067 1700 3144 L.
1748 3067 2170 3145 Dindorfiuse

530 3209 687 3284 ἀλλ’
742 3204 887 3289 οὗν
938 3212 1103 3310 θεῷ
1156 3206 1529 3307 σπάσαντ’
1585 3208 1923 3323 α’μυστιν
1969 3205 2094 3285 δεῖ
2134 3213 2354 3287 πιεῖν.

320 3344 467 3422 Sed
514 3346 690 3422 idem
740 3347 914 3447 quod
959 3372 1085 3446 pro
1133 3342 1417 3432 τασεως
1466 3345 1670 3420 scribi
1729 3346 1935 3421 voluit
1998 3343 2324 3442 πόσεως,
2402 3346 2560 3422 mihi

320 3450 848 3526 commutandum
898 3451 1152 3524 videtur
1199 3475 1351 3524 eum
1398 3450 1596 3524 verbo
1648 3451 1856 3547 magis
1895 3451 2163 3549 proprio
2192 3445 2558 3536 σπασεως.

317 3553 496 3628 mad
546 3578 702 3627 vero
751 3554 954 3627 miror
965 3606 992 3648 ,
1062 3552 1237 3651 quod
1296 3553 1630 3628 novissimi
1694 3553 1976 3627 editores
2037 3550 2377 3652 Euripidis
2425 3573 2560 3628 ιιοιι

319 3656 912 3732 animadverterunt
1003 3656 1196 3730 huius
1284 3663 1519 3755 poetae
1607 3656 2040 3754 fragmentum
2053 3709 2080 3751 ,
2197 3654 2373 3757 quod
2442 3654 2559 3730 illo

314 3760 574 3839 scholio
627 3767 953 3833 servatum
1003 3768 1130 3835 est.
1231 3758 1465 3859 Neque
1517 3758 1691 3832 enim
1715 3760 2140 3834 dubitandum
2170 3760 2327 3858 quin
2375 3760 2559 3859 prior

322 3889 477 3963 pars
528 3862 763 3938 scholii
812 3863 912 3938 sio
962 3863 1051 3937 sit
1112 3861 1535 3961 corrigenda·
1605 3863 1681 3938 οἳ
1738 3860 1884 3961 μὲν
1948 3861 2309 3994 ποτηρίου
2361 3861 2557 3947 εἶδος

325 3962 877 4065 ἐπιτηδειότητα
929 3970 1102 4064 εχον
1163 3964 1352 4066 πρὸς
1415 3995 1552 4052 τας
1618 3965 1904 4067 ἀμυστὶ
1964 3963 2253 4061 πόσεις,
2320 3964 2423 4053 ὥς
2474 3967 2557 4042 ἐν

325 4072 586 4174 Adra

941 4222 1088 4301 σὺν
1135 4230 1246 4323 τῷ
1294 4219 1622 4323 βαθείας
1671 4223 1802 4300 καὶ
1843 4222 2140 4307 πυκνὰς

700 4325 993 4401 ἕλκουσι
1046 4383 1369 4403 .....
1421 4325 1558 4412 τὰς
1609 4325 2054 4425 ἅμυστίδας.

324 4474 599 4555 Numeri
647 4476 997 4554 ostendunt
1044 4478 1356 4556 omissum
1407 4504 1555 4557 esse
1604 4479 1891 4583 aliquid,
1953 4476 2134 4583 qnod
2179 4432 2378 4583 poeta
2425 4503 2556 4579 po-
