3275 5317
723 501 862 568 342
1078 500 1519 565 LATI'NAE
1560 497 2557 568 INTERPRETATIONIS

930 661 1029 739 Et
1075 688 1251 737 nunc
1302 670 1551 738 statuta
1599 663 1791 761 signa
1836 671 2190 763 prospecto
2239 664 2504 759 indicis,
2584 747 2587 752 ¹

931 768 1324 843 flammantis
1372 768 1545 866 ignis
1593 768 1901 841 nunciam
1951 768 2034 840 ab
2087 766 2301 840 Troia
2345 768 2588 862 facem,

788 878 884 948 10
934 879 1296 972 captaeque
1344 879 1604 945 testem.
1708 867 1835 946 Sic
1885 871 2057 944 enim
2108 894 2382 969 sperans
2429 871 2613 944 iubet

978 976 1199 1050 lenum
1247 974 1453 1048 virilis
1504 974 1743 1050 consili
1794 998 1911 1048 cor
1958 973 2276 1047 mulieris.

932 1000 1142 1153 {rein
1189 1077 1452 1153 roscido
1501 1077 1850 1174 noctivago
1899 1084 1976 1150 ut
2023 1077 2096 1149 in
2145 1083 2353 1152 strato
2403 1075 2637 1171 institi,

932 1207 1067 1256 non
1115 1205 1238 1281 per
1286 1180 1571 1279 quietem
1620 1180 1883 1254 visitato
1934 1180 2229 1273 somniis,

932 1285 1091 1385 quid
1137 1284 1400 1358 tandem
1415 1278 1454 1358 Ρ
1503 1283 1597 1356 ibi
1647 1283 1865 1357 adstat
1913 1284 2153 1382 quippe
2202 1305 2326 1381 pro
2376 1305 2606 1355 somno
2656 1280 2880 1376 timor,

790 1387 883 1463 15
935 1413 1021 1462 ne
1071 1388 1264 1463 forte
1290 1386 1515 1460 firmus
1564 1386 1915 1486 palpebras
1966 1386 2230 1460 claudat
2278 1409 2505 1483 sopor.

931 1490 1067 1568 Sin
1116 1491 1397 1566 minurio
1448 1498 1564 1564 aut
1613 1498 1884 1566 cantare
1934 1489 2114 1564 visus
2166 1512 2312 1563 snm
2362 1487 2546 1582 mihi,

932 1594 1063 1668 hoe
1110 1594 1482 1694 repperisse
1529 1594 1891 1670 remedium
1941 1617 2170 1668 somno
2219 1600 2433 1687 ratus,

932 1705 1093 1773 tunc
1142 1697 1402 1770 aedium
1451 1696 1687 1769 harum
1734 1695 1943 1770 defleo
1996 1705 2242 1769 sortem
2289 1719 2582 1792 gemens,

933 1824 1097 1900 quas
1146 1824 1279 1873 non
1326 1803 1403 1874 ut
1451 1800 1608 1873 olim
1656 1801 1834 1872 insta
1881 1800 2257 1873 moderatur
2305 1822 2559 1872 manns.

782 1906 888 1981 20
933 1902 1098 1978 At
1074 1928 1208 1978 ram
1255 1903 1553 1977 laborum
1603 1910 1831 2003 optata
1877 1901 2179 1975 liberatio

931 2014 1244 2105 surgente
1288 2007 1511 2083 veniat
1567 2006 1724 2105 igne
1769 2004 2145 2094 tenebricae
2191 2003 2383 2078 facis.

932 2107 1013 2186 Io
1028 2162 1056 2207 ‚
1107 2109 1176 2185 io
1192 2134 1217 2181 ε
1335 2135 1338 2138 ·

790 2209 798 2215 ’
932 2237 979 2289 o
1027 2213 1249 2287 salvae
1295 2235 1552 2311 opacae
1597 2211 1862 2286 flamma
1909 2209 2153 2304 noctis,
2176 2233 2474 2292 -aureum

930 2317 1226 2416 pandens
1280 2316 1411 2389 diei
1457 2316 1706 2409 lumen,
1759 2322 1829 2388 et
1878 2315 2115 2387 multas
2166 2313 2384 2386 ferens

781 2420 881 2496 25
932 2417 1139 2516 Argis
1190 2418 1464 2492 choreas
1513 2425 1788 2516 propter
1833 2416 2007 2489 hanc
2057 2416 2423 2493 victoriam.

932 2519 1443 2620 Agamemnonis
1492 2543 1670 2592 nunc
1722 2517 1986 2615 coniugi
2035 2541 2359 2616 exponam
2409 2518 2615 2615 illico,

931 2624 1182 2699 lectum
1229 2630 1304 2699 nt
1350 2623 1727 2723 relinquens
1776 2646 1900 2723 per
1950 2620 2178 2700 domos
2229 2622 2553 2708 citissime,

930 2725 1102 2804 bene
1151 2726 1455 2802 ominatis
1502 2726 1822 2825 gratulari
1868 2725 2143 2802 vocibus

922 2830 1063 2907 hoe
1112 2831 1265 2930 igne
1312 2832 1577 2925 iubeat,
1643 2828 1756 2903 Ilii
1804 2828 2062 2929 quando
2115 2828 2429 2928 oppidum

783 2940 886 3012 30
934 2943 1202 3035 captum
1253 2943 1382 3030 est,
1433 2941 1508 3010 ut
1554 2934 1684 3008 iste
1732 2932 1951 3030 fulgor
2000 2934 2285 3012 ostendit
2331 2931 2526 3014 facis.

933 3035 1163 3142 Atque
1212 3038 1301 3112 ad
1348 3037 1626 3114 choreas
1675 3036 1822 3137 ipse
1872 3049 1978 3108 nte
2024 3037 2277 3135 primus
2326 3036 2543 3114 daho·

931 3166 1086 3215 nam
1135 3142 1319 3214 salva
1366 3165 1477 3215 res
1525 3140 1833 3214 herorum
1884 3139 1985 3212 uti
2033 3139 2122 3212 sit
2171 3140 2421 3260 fecero,

935 3243 1195 3342 quando
1243 3245 1372 3317 iste
1420 3243 1515 3317 mi
1560 3244 1734 3339 ignis
1783 3240 2159 3315 Venereum
2207 3243 2457 3324 iactum
2513 3238 2772 3328 obtulit.

932 3344 1050 3419 Sit
1097 3346 1290 3419 modo
1340 3345 1726 3418 revertentis
1779 3344 2041 3418 domum
2089 3346 2266 3443 regis
2305 3347 2463 3442 mihi

786 3446 885 3525 35
936 3472 1163 3523 caram
1209 3473 1471 3522 manum
1523 3447 1787 3521 tandem
1836 3448 1964 3522 hac
2012 3473 2210 3520 manu
2262 3451 2661 3549 contingere.

935 3550 1226 3627 Caetera
1272 3552 1519 3630 sileboe
1569 3552 1826 3650 pondus
1875 3552 1947 3623 in
1994 3552 2222 3649 lingua
2268 3578 2494 3650 grave.

936 3653 1218 3755 Sponte·
1246 3656 1419 3754 ipsa,
1471 3679 1701 3729 vocem
1752 3654 2057 3753 accipere
2107 3656 2167 3728 si
2216 3666 2451 3755 queat,
2505 3658 2734 3733 domus

940 3760 1120 3838 clare
1171 3759 1512 3859 eloquatur
1561 3757 1816 3832 omnia:
1869 3782 1992 3855 ego
2046 3758 2303 3860 quidem
2355 3762 2573 3838 volens

938 3863 1163 3962 gnaris
1207 3864 1546 3968 profabor,
1597 3862 1839 3940 nesciis
1890 3862 2107 3940 dicam
2153 3863 2338 3942 nihil.

1664 4014 1786 4094 ch
1801 4041 1844 4090 ο
1859 4041 1907 4088 r
1920 4041 1975 4088 u
1988 4037 2052 4090 ε.

786 4159 891 4231 40
937 4133 1259 4231 Decimus
1305 4154 1440 4228 iam
1490 4145 1726 4250 annus,
1776 4163 2123 4260 postquam
2170 4154 2423 4231 Priami

706 4288 716 4298 ⁸
938 4259 1157 4357 gravis
1205 4259 1536 4354 ini-micus,

941 4362 1287 4436 Menelaus
1336 4387 1461 4438 rex
1510 4371 1707 4463 atque
1756 4360 2189 4461 Agamemno,

941 4465 1187 4565 duplici
1223 4475 1501 4565 seeptro
1550 4466 1922 4566 duplicique
1971 4465 2206 4543 throno
