3275 5317
770 484 863 554 92
925 571 936 584 ἱ
1655 488 2098 555 scnoLAn

1783 719 1992 797 xm.

779 921 786 930 .
973 854 1068 932 V.
1125 858 1245 934 19.
1295 855 1451 935 Non
1498 859 1850 959 genuinum
1896 856 2175 954 videtur,
2229 860 2354 935 etsi
2383 860 2812 962 probabiliter
2841 887 2995 937 eor·-
3214 821 3221 834 ι

765 965 1022 1035 rectum
1067 970 1199 1056 est,
3066 1005 3075 1010 ·

916 1101 1168 1175 ἵκετο
1211 1099 1329 1196 χῶ
1378 1101 1786 1204 ταλαεργὸς
1836 1103 1910 1187 ἐς
1960 1099 2286 1200 ἄφνειοὶν
2330 1098 2682 1179 Ἰαολκόν.

764 1234 967 1310 Multi
1016 1236 1278 1311 codices
1329 1237 1522 1339 ἀνὴρ
1572 1239 1870 1315 inserunt
1913 1248 2068 1340 post
2113 1235 2520 1370 ταλαεργός
2534 1291 2560 1332 ,
2615 1248 2687 1313 et
2736 1238 2999 1314 Palati-

620 1400 628 1408 .
763 1362 890 1412 nus
939 1339 1106 1413 liber
1149 1342 1422 1441 praebet
1472 1348 1574 1426 εὶς
1599 1342 1916 1442 ἀφνειὸν
1957 1339 2292 1418 Ιωλκόνε
2344 1343 2464 1416 sed
2493 1344 2710 1416 minus
2761 1367 2993 1416 nume-
3053 1351 3058 1356 ”

761 1465 956 1515 rosus
1005 1450 1108 1516 est
1155 1443 1308 1517 talis
1360 1468 1625 1520 versus:

842 1656 854 1672 .
964 1582 1161 1655 ἵκετο
1203 1609 1323 1677 χω
1372 1579 1782 1684 ταλαεργὸς
1833 1580 2026 1683 ἀνὴρ
2078 1584 2151 1667 ἐς
2201 1582 2520 1683 αφνειὸν
2576 1555 2949 1659 Ἰωλκόν)

762 1712 948 1791 Vera
989 1716 1321 1817 scriptura
1368 1715 1622 1792 videtur
1639 1744 1663 1791 ε

960 1856 1158 1930 ἵκετο
1202 1854 1322 1951 xci
1372 1853 1784 1960 ταλαεργὸς
1836 1855 2030 1955 α’νὴρ
2086 1855 2386 1955 α’φνεάν
2439 1859 2511 1941 ἐς
2554 1853 2878 1933 Ἰωλκόν.

962 1990 1055 2067 V.
1111 1997 1235 2067 21.
1287 1990 1619 2093 Εὕεὸρος
1666 1994 1888 2092 inepte
1934 1992 2046 2069 hic
2110 1994 2438 2068 diceretur
2483 1991 2675 2091 Argo
2726 2001 2991 2092 propter

757 2102 1067 2169 transtra.
1193 2093 1256 2168 F
1255 2095 1487 2171 irmam
1552 2097 1757 2191 dicit,
1823 2105 1901 2171 nt
1960 2093 2328 2195 Aeschylus
2379 2094 2580 2197 Sept.
2631 2097 2721 2171 ad
2771 2095 2987 2169 Theb.

961 2297 1057 2374 V.
1105 2304 1238 2376 40.
1288 2299 1485 2394 Quod
1533 2301 1728 2400 vulgo
1777 2299 2045 2398 legitur,
2093 2297 2289 2397 τάχα
2318 2299 2401 2378 δὲ
2431 2298 2733 2401 κραναν
2781 2296 2988 2395 ἐνόη-

759 2427 891 2480 σεν
937 2399 1190 2501 ἢμένῳ
1244 2405 1327 2480 ἐν
1367 2433 1624 2504 χωρῳ,
1678 2406 1818 2479 scio
1872 2404 2128 2476 defendi
2176 2429 2397 2504 posse.
2503 2403 2704 2479 Certe
2743 2400 2987 2499 καθή-

756 2506 1233 2606 μενα,ι1ιιοι1
1291 2506 1430 2579 fere
1496 2507 1693 2596 etiam
1757 2506 2172 2601 καθειμένα
2238 2508 2583 2601 scribitur,
2649 2509 2807 2583 loca
2869 2506 2987 2579 de·-

757 2633 990 2709 pressa
1040 2607 1384 2683 dicuntur·
1361 2660 1382 2680 .
1426 2609 1535 2682 de
1588 2635 1719 2708 qna
1769 2609 2026 2684 dicendi
2075 2610 2327 2683 ratione
2377 2610 2691 2684 videndus
2741 2608 2987 2683 Iacob·

760 2713 898 2785 sius
950 2709 1035 2785 ad
1080 2710 1346 2786 Aelian.
1397 2710 1492 2786 Η.
1542 2710 1635 2785 A.
1687 2713 1890 2788 XVI.
1952 2716 2070 2786 12.
2121 2739 2192 2812 p.
2223 2714 2400 2787 538.
2502 2712 2815 2811 Plerique
2867 2735 2986 2786 co-

761 2816 943 2889 dices
993 2818 1077 2892 ἐν
1119 2812 1375 2916 χόρτῳ
1423 2818 1762 2915 praebent.
1863 2814 1961 2890 Et
2002 2813 2274 2916 χόρτος
2325 2816 2582 2915 quidem
2633 2817 2852 2915 aptius
2881 2821 2984 2888 et·

758 2917 891 2992 iam
957 2919 1090 2993 dici
1150 2918 1422 3017 ἥμενος
1481 2920 1760 2993 videtur.
1876 2917 2020 2993 Sed
2084 2944 2165 2992 ea
2227 2945 2356 2993 vox
2418 2920 2527 2994 hic
2595 2943 2854 3047 qnoque
2914 2917 2983 2988 in

757 3046 997 3119 magna
1043 3031 1231 3120 parte
1281 3022 1595 3096 librorum
1646 3021 1911 3120 εἱμένῲ
1919 3074 1956 3142 ,⁹
2021 3047 2154 3096 uno
2203 3023 2273 3095 in
2321 3023 2487 3095 libro
2538 3031 2761 3094 autem
2807 3019 2981 3118 ἡμέ-
3064 3051 3069 3055 ·

617 3128 957 3220 1066νην
1006 3125 1254 3223 scripta
1304 3133 1429 3198 est.
1546 3123 1742 3199 Vnde
1802 3127 1942 3198 veri
2006 3126 2215 3199 simile
2266 3134 2406 3219 est,
2473 3123 2831 3198 Homerica
2879 3123 2982 3194 di-

756 3228 976 3301 ctione
1024 3251 1217 3299 usum
1269 3226 1703 3300 Theocritum
1754 3229 2099 3325 scripsisse
2152 3233 2456 3326 εἶαμενᾷ
2501 3224 2781 3322 χόρτω.
2832 3225 2979 3297 Ho-

753 3329 1070 3402 mericum
1103 3331 1237 3402 est
1319 3329 1491 3402 enim
1566 3358 1649 3404 εν
1713 3336 2014 3427 εἱαμενῇ
2088 3330 2282 3414 ε’λεος
2341 3328 2535 3402 Iliad.
2599 3328 2730 3403 IV.
2801 3331 2975 3401 483.

751 3430 919 3504 XV.
974 3435 1149 3505 631.
1202 3431 1283 3503 de
1335 3456 1462 3529 quo
1514 3432 1829 3506 vocabulo
1878 3433 2208 3507 ‹hsseruit
2230 3432 2664 3507 Buttmannus
2715 3433 2787 3505 in
2833 3429 2980 3552 Le·-

754 3535 978 3632 xilogo
1028 3534 1161 3607 vol.
1212 3532 1308 3606 Π.
1360 3559 1433 3634 p.
1488 3538 1614 3607 24.
1803 3590 1806 3596 ‚

955 3634 1051 3711 V.
1100 3640 1228 3709 46.
1278 3633 1668 3733 Legendum
1717 3646 1924 3737 ποτῶ
1974 3638 2190 3713 dativo
2217 3662 2401 3733 casu,
2456 3662 2584 3736 quo
2637 3636 2973 3711 consilium

752 3738 1092 3811 hauriendi
1140 3738 1653 3835 adsignificatur.
1754 3738 1991 3840 quue
2040 3742 2187 3840 ipsa
2237 3742 2434 3815 etiam
2482 3741 2648 3813 haec
2701 3765 2830 3815 vox
2853 3737 2973 3810 de-

751 3841 1038 3916 fenditur
1049 3894 1074 3935 ‚
1143 3866 1309 3940 quae
1361 3842 1460 3916 sic
1521 3845 1787 3943 proprie
1837 3845 1920 3919 de
1966 3854 2129 3946 potu
2142 3896 2170 3940 ,
2221 3869 2353 3920 non
2405 3842 2486 3918 de
2537 3844 2679 3918 solo
2717 3843 2972 3941 liquore

754 3970 960 4045 aquae
1013 3953 1116 4018 est
1163 3943 1606 4041 intelligenda.

959 4046 1051 4122 V.
1105 4046 1150 4122 5
1164 4053 1231 4121 1.
1281 4045 1885 4122 Invenustissimum
1916 4058 2041 4144 est,
2075 4047 2247 4148 quod
2281 4047 2470 4145 vulgo
2496 4047 2738 4146 legitur
2788 4041 2970 4124 ναύ-

751 4178 917 4236 ταις
967 4150 1058 4228 δε
1102 4180 1213 4235 τις
1264 4150 1466 4229 εἶπεν
1517 4153 1834 4249 ἑταῖρος,
1886 4176 2011 4226 nec
2060 4152 2292 4225 melius
2345 4160 2448 4225 est
2497 4151 2813 4225 Brunc“
2862 4147 2971 4218 in-

752 4262 1053 4350 ventum,
1116 4251 1399 4339 ναύτας
1463 4252 1555 4330 δε
1621 4284 1735 4339 τις
1802 4255 2006 4332 εἶπεν
2084 4253 2444 4354 ἑταίροις.
2541 4253 2754 4328 Pauci
2825 4247 2968 4326 libri

748 4364 1093 4459 utrumque
1158 4382 1394 4433 nomen
1443 4356 1659 4433 dativo
1725 4381 1886 4433 casu
1937 4358 2179 4433 dictum
2244 4341 2596 4459 praebent,
2663 4350 2969 4434 ναύταις

751 4458 845 4537 δέ
898 4489 1011 4544 τις
1075 4460 1275 4540 εἶπεν
1342 4459 1662 4564 ἑταίροις
1677 4512 1701 4552 ,
1765 4460 2151 4538 rectissime.
2274 4458 2506 4559 Neque
2570 4461 2742 4536 enim
2803 4475 2964 4530 unus
