3275 5317
467 484 592 548 DE
633 481 924 547 PAVLI
964 484 1513 548 EPISTOLAE
1552 485 1675 548 AD
1719 484 2164 551 GALATAS
2206 496 2316 557 etc.
2404 489 2533 556 119

299 644 529 721 mirum
544 698 571 741 ,
647 646 761 746 qui
825 645 1034 722 sacris
1101 646 1367 747 scriptis
1448 671 1716 748 operam
1785 647 1942 722 dant
1952 700 1980 743 ,
2057 656 2198 723 tum
2258 659 2532 751 propter

293 748 504 847 ipsam
553 751 1012 824 auctoritatem
1058 750 1290 824 horum
1337 751 1675 845 librorum,
1727 759 1889 834 tum.
1918 752 2221 851 exempla
2267 763 2529 829 secutos

292 849 567 925 Patrum
616 859 813 951 atque
873 854 1166 952 ipsorum
1230 854 1395 928 adeo
1444 851 1914 977 Apostolorum
1927 907 1953 948 ,
2007 880 2258 930 summa
2306 865 2526 956 atque,

289 960 364 1027 ut
412 955 631 1029 dicam
680 956 853 1055 quod
902 958 1111 1031 sentio
1124 1009 1150 1050 ,
1216 958 1420 1030 nimia
1470 957 1805 1056 diligentia
1863 960 1935 1030 in
1982 959 2255 1056 singulis
2320 984 2528 1081 prope

289 1058 506 1131 verbis
581 1059 988 1158 explicandis
1053 1060 1394 1154 laborare·
1371 1113 1393 1132 .
1474 1085 1600 1158 quo
1678 1059 1824 1134 fieri
1897 1087 2031 1135 non
2077 1069 2297 1160 potest
2372 1064 2527 1160 quin

287 1160 497 1234 multa
546 1163 849 1237 subtilius
899 1170 1095 1263 atque
1145 1166 1439 1260 argutius
1491 1163 1972 1261 distinguantur
1997 1188 2080 1238 ac
2108 1163 2524 1258 definiantur,

288 1288 485 1362 quam
537 1265 827 1362 cogitata
874 1275 1030 1339 sunt
1078 1265 1160 1339 ab
1210 1268 1342 1340 illis
1394 1267 1506 1365 qui
1543 1266 1690 1341 istis
1714 1268 1928 1341 verbis
1953 1275 2107 1341 sunt
2128 1267 2257 1341 nsi.
2306 1266 2525 1341 Prae-

285 1374 473 1440 terea
522 1392 722 1467 quum
783 1370 1188 1443 intellectum
1236 1371 1359 1464 sit,
1408 1370 1671 1468 linguae
1731 1371 2019 1444 rationes
2082 1394 2171 1444 ex
2231 1370 2525 1468 profanis

286 1466 706 1544 Graecorum
755 1472 1021 1570 scriptis
1071 1498 1203 1546 non
1252 1474 1465 1546 minus
1517 1496 1714 1573 quam
1765 1497 1852 1548 ex
1910 1473 2363 1547 Hebraeorum
2414 1472 2524 1546 di-

284 1573 483 1647 cendi
548 1576 1018 1648 consuetudine
1082 1600 1229 1650 esse
1291 1577 1782 1674 cognoscendas
1795 1627 1823 1670 ,
1903 1576 2196 1650 adhiberi
2260 1575 2522 1674 quidem

269 1675 381 1748 ‘illi
437 1673 689 1750 Graeci
740 1679 1098 1776 scriptores
1150 1681 1370 1778 coepti
1433 1687 1588 1754 sunt
1637 1678 1723 1752 ad
1773 1679 2301 1778 explanationem
2348 1677 2525 1753 Novi

283 1777 730 1873 Testamenti,
780 1780 900 1853 sed
946 1782 1042 1855 ita
1091 1790 1169 1856 ut
1215 1783 1416 1855 verba
1462 1783 1673 1878 magis
1722 1790 1792 1855 et
1852 1782 2171 1856 formulae
2218 1781 2525 1880 loquendi

283 1880 1636 2079 ffifflssoefflgffifflthffiffi?
1647 1884 2523 2061 ffltssfflii’etffimpff

281 2087 627 2187 paratione
676 2088 831 2186 quid
880 2090 1092 2188 possit
1155 2089 1287 2163 dici
1333 2090 1748 2189 perspicere·
1816 2090 1929 2189 qui
1992 2113 2224 2162 sensus
2287 2089 2350 2161 si
2397 2085 2529 2162 ab·

283 2198 409 2282 est,
462 2191 986 2289 phraseologiam
1034 2193 1141 2265 vel
1188 2192 1761 2266 laboriosissimam
1828 2193 1976 2290 plus
2038 2216 2280 2265 nocere
2329 2215 2523 2291 quam

283 2293 640 2392 prodesse,
699 2295 771 2366 in
835 2295 1129 2393 profanis
1195 2320 1451 2394 quoque
1516 2296 1946 2393 scriptoribus
2025 2295 2359 2392 cognitum
2421 2303 2525 2369 est
2546 2344 2566 2357 ·‹

280 2396 710 2494 quorumdam
760 2398 957 2470 etiam
1007 2398 1335 2472 clarorum
1397 2398 1728 2470 nominum
1791 2398 2135 2496 exemplis.
2255 2396 2519 2472 Graece

287 2523 486 2599 quum
536 2499 770 2597 scripti
819 2500 954 2573 sint
1001 2501 1151 2572 libri
1201 2500 1414 2593 sacri,
1465 2501 1630 2573 illud
1677 2525 1799 2598 per
1847 2525 1920 2573 se
1970 2508 2178 2600 patet,
2228 2501 2567 2598 linguamd·
2682 2501 2693 2514 '

285 2602 495 2676 verbis
547 2603 1018 2702 verborumque
1045 2603 1607 2677 coniunctionibus
1660 2601 1992 2678 Graecam
2045 2628 2192 2678 esse
2243 2603 2518 2677 debere·

285 2730 495 2816 neque
546 2705 674 2778 hac
721 2707 794 2777 in
854 2729 929 2778 re
995 2706 1344 2805 quidquam
1414 2704 1817 2779 difficultatis
1885 2714 2025 2798 est,
2094 2706 2212 2779 sed
2272 2708 2346 2779 in
2409 2731 2516 2800 eo,

285 2799 459 2906 q'nod
509 2809 975 2882 sententiarum
1042 2809 1588 2882 conformationes
1658 2815 1726 2880 et
1776 2809 2242 2901 connexiones„
2295 2816 2373 2881 ut
2433 2809 2519 2882 ad

285 2911 735 2985 Hebraeorum
782 2912 1044 3007 linguae
1109 2912 1476 3010 exemplum
1543 2912 1943 3008 compositae
1956 2964 1981 3004 ‚
2049 2935 2517 3008 saepenumero

285 3038 326 3087 a
388 3012 806 3089 Graecorum
856 3013 1326 3088 consuetudine
1395 3015 1794 3111 discrepant.
1900 3012 2198 3087 Accedit
2260 3013 2521 3086 dicendi

283 3143 515 3215 genuS,
568 3125 644 3190 ut
691 3117 1022 3190 hominum
1070 3117 1307 3190 litteris
1355 3140 1486 3190 non
1540 3116 1941 3189 eruditorum
1990 3141 2116 3189 nec
2151 3116 2327 3189 iusta
2376 3116 2518 3188 dis-

241 3281 246 3286 .
284 3222 528 3319 ciplina
575 3221 1023 3314 formatorum,
1078 3220 1446 3313 confusum,
1492 3220 1982 3312 inconcinnum,
2031 3220 2201 3291 male
2252 3219 2521 3293 ordina·-

281 3331 460 3415 tum3
513 3330 656 3396 tum
703 3324 1167 3396 vocabulorum
1216 3346 1346 3396 non
1397 3348 1797 3422 paucorum,
1851 3329 1920 3396 et
1985 3322 2243 3421 quidem
2293 3343 2517 3396 eorum

280 3426 445 3520 fere,
500 3450 669 3525 quae
717 3427 1076 3525 praecipua
1125 3434 1302 3520 sunt,
1352 3428 1484 3500 late
1524 3425 1760 3499 diffusa
1794 3426 1892 3498 vis
1946 3435 2141 3524 atque
2189 3426 2342 3497 inde
2390 3449 2519 3497 na-

281 3555 478 3606 scens
505 3530 929 3624 ambiguitas3
983 3530 1260 3628 denique
1311 3530 1570 3604 omnino
1604 3530 2070 3602 sententiarum
2098 3528 2518 3627 quarumdam
2619 3529 2627 3538 ’

279 3641 480 3730 atque
533 3632 908 3731 opinionum
957 3632 1363 3726 obscuritas,
1431 3633 1642 3754 qualis
1704 3632 1990 3705 omnium
2039 3639 2141 3704 est
2189 3630 2520 3704 hominum

281 3737 763 3832 religiosorum,
813 3743 891 3808 ιιι
940 3760 1210 3834 quorum
1264 3738 1463 3809 animi
1502 3736 1724 3833 potius
1750 3735 2316 3834 inexplicabilibus
2367 3735 2519 3832 qui-

281 3838 555 3911 busdam
604 3839 901 3912 sensibus
951 3847 1366 3933 moveantur,
1436 3863 1630 3938 quam
1678 3840 2026 3939 perspicue
2080 3837 2362 3937 quidque
2412 3837 2519 3908 di-

284 3944 650 4063 stincteque
701 3942 1056 4038 cogitatum
1106 3943 1475 4043 dispiciant.
1582 3940 1944 4015 Commune
1993 3940 2064 4013 id
2110 3941 2210 4013 illi
2259 3938 2517 4037 quidem

285 4067 436 4119 cum
485 4046 616 4145 piis
664 4046 927 4139 habent,
980 4046 1098 4118 sed
1146 4053 1365 4119 tamen
1425 4055 1503 4119 ut
1550 4044 1633 4118 ab
1683 4045 1786 4117 lus
1836 4044 2024 4120 valde
2073 4044 2206 4118 sint
2255 4041 2515 4115 diversi.

284 4147 556 4224 Piorum
605 4150 779 4221 enim
829 4157 955 4244 est,
1007 4173 1088 4221 ea
1136 4173 1304 4248 quae
1351 4173 1536 4222 mens
1583 4149 1868 4222 humana
1915 4172 2151 4245 capere
2180 4169 2311 4218 non
2359 4152 2519 4244 pot-

289 4261 392 4325 est
434 4259 514 4325 ut
560 4260 792 4325 sancta
840 4260 908 4327 et
956 4252 1203 4325 homini
1251 4276 1383 4326 non
1431 4251 1760 4371 tangenda
1786 4249 2150 4324 verecunde
2178 4247 2515 4322 venerari·

279 4355 458 4429 unde
524 4357 866 4455 praeclare
931 4355 1015 4428 de
1078 4356 1317 4455 priscis
1397 4349 1748 4431 Germanis
1810 4353 2132 4427 Tacitus.
2200 4350 2519 4428 deorum

145 4494 152 4500 ’
296 4456 714 4532 ποηνίηίόιιε
762 4456 1163 4560 appellant
1187 4469 1563 4533 secretum
1604 4456 1825 4552 ahod,
1879 4454 2083 4556 quod
2106 4455 2295 4546 solt(
2300 4477 2520 4528 reve·
