3275 5317
716 426 1251 497 YHOBOAH
1295 427 1422 493 ET
1471 427 2164 497 YHOBAHAHN
2421 430 2552 499 30³

325 596 620 695 sequitur
667 594 1071 689 Boeekhius,
1121 594 1585 692 interpretatus
1637 601 1777 669 est·
1840 593 1946 691 μὴ
1995 588 2426 671 διακόπτειν
2474 598 2552 681 ἐξ

322 701 703 799 ὑποβολῆς
751 698 893 775 τὸν
957 696 1218 830 λόγον·
1286 694 1703 796 ὑββάλλειν
1766 697 1918 799 γὰρ
1983 698 2071 775 τὸ
2126 694 2552 796 ὑποκρούε-

326 807 518 880 σθαι
567 799 892 901 θορύβῳ
942 800 1081 878 τὸν
1133 801 1466 904 λέγοντα.
1543 801 1788 873 Melius
1837 809 2186 900 perspecta
2225 809 2549 900 potestate

321 908 530 999 voc-iS,
585 905 702 978 sed
749 906 821 977 in
870 905 1147 978 alienam
1197 904 1585 977 sententiam
1610 904 1882 977 detortis
1906 906 2139 978 verbis
2164 906 2330 977 alius
2352 904 2559 978 sebo-¹·

321 1010 584 1083 liastes.
629 1005 1136 1092 Ἀπολλώνιος
1161 1004 1305 1107 μὲν
1354 1003 1497 1085 οὗν
1547 1006 1589 1082 6
1644 1003 2179 1092 διδάσκαλος
2135 1017 2380 1107 ημῶν,
2430 1006 2561 1084 καὶ

323 1111 553 1196 αὐτὸς
634 1111 1292 1243 συγκαταθέμενος
1355 1109 1471 1185 ότι
1535 1112 1838 1207 ἕστηκεν
1903 1111 1943 1187 6
2018 1111 2556 1213 Ἀγαμέμνων,

320 1220 817 1315 παραιτεῖται,
871 1214 1082 1314 φησι,
1132 1213 1272 1290 τὸν
1320 1213 1700 1312 ὑποβολέα
1769 1213 1871 1299 ὥς
1923 1211 2027 1290 ἂν
2092 1218 2173 1289 ἐκ
2219 1224 2359 1290 τοῦ
2413 1215 2557 1291 αὕ-

319 1317 713 1416 τοσχεὸίου
767 1319 1005 1421 λέγειν
1053 1318 1379 1414 μέλλων·
1435 1320 1619 1415 ἐμοῦ
1669 1312 1819 1421 γάρ
1873 1343 2106 1418 φησιν
2157 1314 2557 1412 ἀκούσατε,

319 1421 451 1498 καὶ
499 1419 762 1519 μηδείς
823 1451 956 1518 μοι
1020 1419 1498 1552 ὑποβαλέτω,
1563 1421 1660 1497 ἵν’
1726 1424 1948 1496 ειπω·
2009 1420 2341 1518 χαλεπὸν
2402 1420 2558 1553 γὰρ,

318 1525 406 1601 τὸ
460 1522 1055 1622 ὑποβαλλόντων
1107 1520 1410 1600 ἀκούειν
1456 1531 1567 1625 τῷ
1619 1520 2056 1621 ἐπιστήμονι
2099 1524 2372 1628 λέγειν·
2427 1522 2560 1599 καὶ

321 1637 484 1712 πῶς
533 1628 683 1731 γὰρ
739 1629 839 1706 ἄν
887 1656 999 1711 τις
1054 1655 1136 1704 εν
1184 1635 1433 1726 πολλω
1487 1601 1757 1725 ὃμάὸω
1811 1623 2132 1704 ακούσαι
2180 1636 2320 1704 τοῦ
2368 1628 2559 1704 ὑπο-

319 1729 765 1863 βάλλοντος,
815 1728 863 1827 ἢ
917 1730 957 1806 6
1015 1728 1344 1815 ἀκούσας
1395 1735 1628 1822 εἴποις
1680 1732 1869 1809 ὥστε
1918 1731 2049 1806 καὶ
2099 1730 2317 1834 λιγὺν
2369 1733 2561 1808 όντα

321 1832 764 1967 ὃηιιηγόρον
828 1833 958 1909 καὶ
1008 1831 1347 1930 δύναμιν
1413 1835 1682 1929 ἔχοντα
1748 1842 1885 1910 τοῦ
1955 1832 2558 1931 αὐτοσχεδιάζειν

320 1936 824 2069 βλάπτεσθαι
854 1935 1443 2035 εμποὸιζόμενον
1488 1946 1599 2036 τῷ
1651 1940 1727 2023 ἐξ
1777 1936 2153 2036 ὑποβολῆς
2191 1938 2417 2041 λέγειν
2474 1940 2559 2015 ἐν

324 2051 577 2142 πολλῷ
618 2037 972 2140 θορύβῳ.
1075 2038 1259 2113 Vera
1309 2015 1669 2142 explicatio
1714 2048 1970 2139 prostat
2031 2042 2102 2112 in
2151 2041 2253 2113 his
2302 2039 2560 2116 Eusta-

324 2147 444 2220 thii
495 2171 566 2244 p.
640 2149 864 2219 1171.
931 2153 1258 2218 extremm
1325 2145 1715 2220 τουτέστιν
1779 2144 1919 2220 οὑκ
1985 2143 2358 2241 ἐνδέχεται
2420 2143 2560 2222 τὸν

326 2248 910 2381 δημηγοροῦντα
964 2244 1469 2379 ὑποβαλλεινρ
1540 2249 1782 2380 ἤγουν
1849 2249 2050 2347 ἄλλῳ
2112 2248 2560 2325 ὑποτιθέναι

329 2355 637 2450 ερμηνεῖ
694 2350 835 2429 τὸν
899 2347 1167 2454 λόγον,
1237 2352 1333 2428 ον
1399 2348 1629 2435 αὑτός
1693 2380 1808 2436 τις
1879 2353 2117 2485 λέγειν
2177 2349 2561 2453 βούλεται,

327 2455 477 2534 κᾶν
528 2455 645 2531 ότι
691 2451 1018 2551 μαλιστα
1072 2458 1344 2539 ἐκεῖνος
1397 2454 1436 2530 6
1492 2451 1712 2540 ἄλλος
1764 2453 2193 2555 επιστήμων
2244 2460 2374 2552 ειη.
2478 2454 2563 2529 In

329 2584 459 2660 qua
506 2568 727 2633 tamen
774 2559 904 2632 hoe
953 2558 1189 2631 falsum
1241 2566 1366 2650 est,
1421 2560 1592 2659 quod
1644 2561 1731 2653 ei,
1786 2561 1894 2635 eui
1922 2560 2295 2657 suggeritur
2324 2558 2564 2653 oratio,

328 2688 462 2738 non
522 2663 658 2755 illi,
716 2662 828 2759 qui
891 2662 1219 2758 suggerit,
1288 2662 1557 2736 difficile
1623 2688 1770 2735 esse
1819 2672 2008 2761 putat
2057 2664 2255 2737 verba
2318 2663 2566 2736 faeere.

330 2764 538 2840 Addit
612 2765 756 2837 ille
736 2803 764 2859 ,-
824 2764 1050 2836 ·aliam
1126 2789 1498 2868 perversam
1570 2766 2172 2862 interpretationem
2248 2764 2565 2838 aflerens·

327 2879 572 2946 ταῦτα
638 2866 724 2944 δε
793 2867 1031 2952 οὕτως
1097 2861 1539 2969 ἐξηγοῦνταί
1600 2896 1834 2957 τινες,
1905 2897 2007 2952 ως
2075 2866 2321 2963 δῆθεν
2386 2868 2564 2968 ἄρτι

328 2981 468 3050 τοῦ
516 2970 883 3071 βασιλέως
932 2969 1036 3070 μὴ
1089 2968 1189 3045 δι’
1224 2972 1497 3046 ἑαυτοῦ
1528 2977 1961 3064 λαλοῦντος,
2015 2970 2203 3046 αλλὰ
2232 2970 2335 3047 δι’
2373 2969 2573 3047 ὑπο-ἑ

329 3076 636 3178 βολέως,
685 3073 927 3178 ἤγουν
979 3073 1377 3175 ερμηνέως,
1428 3076 1583 3164 ἵνα,
1638 3073 1794 3150 ἐπεὶ
1841 3073 1947 3175 μὴ
2002 3073 2230 3158 αὑτὸς
2278 3081 2429 3152 νῦν
2479 3076 2563 3151 ἐν

328 3182 613 3310 μέσοις
635 3180 973 3310 ἕστηκεν,
1047 3177 1088 3253 6
1141 3185 1336 3282 γοῦν
1385 3176 1803 3276 ὑποβολεὺς
1868 3177 2094 3277 μέσος
2145 3176 2413 3270 ἕστως
2427 3184 2566 3253 λα·-

331 3292 421 3381 λῇ
486 3312 616 3359 και
682 3278 1111 3377 οἷκούσηται.
1178 3289 1423 3357 ταῦτα
1489 3280 1575 3358 δε
1638 3288 1798 3367 τοῖς
1856 3282 2357 3383 χαριεστέρως
2404 3290 2565 3361 τῶν

332 3391 711 3520 ἐξηγητῶν
761 3386 900 3462 οὐκ
947 3386 1235 3485 ἤρεσκε,
1288 3384 1419 3462 δια
1469 3385 1557 3462 τὸ
1587 3385 1692 3486 μὴ
1723 3385 2220 3518 εὑρίσκεσθαί
2233 3414 2381 3462 που
2412 3413 2564 3460 πα-

334 3491 432 3586 ρὰ
484 3498 595 3589 τῷ
646 3497 910 3586 ποιητῇ
977 3488 1113 3586 τὴν
1183 3488 1280 3565 δι’
1349 3488 1780 3588 ὑποβολέως
1844 3488 2336 3611 δημηγορίαν.
2453 3487 2564 3564 Illi

335 3618 619 3694 quoque,
675 3594 904 3692 quibus
955 3591 1371 3694 ὑποβολεὺς
1438 3594 1761 3716 interpres
1813 3618 1959 3667 esse
2023 3594 2200 3668 visus
2268 3598 2393 3685 est,
2444 3615 2569 3664 ve·-

265 3699 272 3705 ’
332 3699 668 3771 hementer
719 3704 1041 3770 errarunt.
1161 3695 1315 3770 Non
1382 3698 1554 3770 enim
1618 3700 1678 3770 is
1693 3750 1718 3791 ‚
1787 3698 1897 3804 qui
1962 3703 2277 3796 accepta
2303 3696 2385 3767 ab
2437 3694 2564 3768 alio

332 3800 608 3899 profert,
660 3800 846 3873 sed
823 3826 910 3892 ιε,
964 3801 1076 3898 qui
1124 3800 1387 3874 subiicit
1437 3801 1680 3874 dicenti
1744 3801 1942 3874 verba
2003 3779 2416 3894 ὑποβολεῦς
2466 3804 2570 3871 est

335 3905 728 4002 appellatus.
829 3902 912 3975 Id
959 3928 1094 3977 non
1143 3903 1353 3976 solum
1406 3928 1492 3977 ex
1541 3903 1644 3975 his
1693 3902 2078 3999 intelligitur
2101 3900 2396 3975 Philonis
2445 3898 2570 3971 Iu-

272 4047 278 4056 ·
336 4007 485 4080 daei
548 4006 762 4080 verbis
815 4006 911 4080 de
972 4008 1356 4105 migratione
1427 4003 1744 4078 Abraami
1808 4030 1878 4105 p.
1944 4007 2123 4079 448.
2190 4034 2321 4081 και
2384 4006 2569 4103 ἐρεῖς

337 4108 527 4211 πρὸς
580 4107 819 4186 αὑτὸν
869 4138 999 4184 και
1048 4106 1315 4195 ὃωσεις
1363 4108 1461 4184 τὰ
1513 4105 1809 4209 ῥήματά
1876 4139 2029 4209 μου
2100 4113 2203 4194 εἲς
2250 4105 2338 4184 τὸ
2395 4100 2568 4182 στό-

337 4244 450 4312 μα
502 4214 767 4301 αὑτοῦ,
817 4215 989 4289 ἴσον
1036 4222 1147 4313 τῷ
1197 4209 1594 4311 ὑπηχήσεις
1649 4213 1862 4313 αὐτῷ
1909 4212 2008 4289 τὰ
2052 4206 2568 4311 ἐνθυμήτατα,

340 4317 392 4392 ἃ
444 4312 803 4415 ῥηματων
868 4315 998 4390 καὶ
1048 4287 1298 4448 26ywv
1365 4317 1776 4419 οἷὸιαφορεῖ
1816 4289 2116 4394 θείων·
2185 4316 2367 4392 ἄνευ
2417 4312 2570 4418 γὰρ

336 4429 477 4499 τοῦ
520 4418 951 4520 ὑποβολέως
1002 4419 1094 4497 οὑ
1146 4413 1563 4526 φαγγεται
1614 4420 1675 4498 6
1713 4415 1965 4525 λόγος·
2019 4416 2432 4520 ὑποβολεὺς
2481 4412 2567 4492 δε
