<?xml version="1.0" encoding="UTF-8"?>
<!DOCTYPE html PUBLIC "-//W3C//DTD XHTML 1.0 Transitional//EN"
    "http://www.w3.org/TR/xhtml1/DTD/xhtml1-transitional.dtd">
<html xmlns="http://www.w3.org/1999/xhtml" xml:lang="en" lang="en">
 <head>
  <title>
</title>
<meta http-equiv="Content-Type" content="text/html;charset=utf-8" />
  <meta name='ocr-system' content='tesseract 3.04.00' />
  <meta name='ocr-capabilities' content='ocr_page ocr_carea ocr_par ocr_line ocrx_word'/>
</head>
<body>
  <div class='ocr_page' id='page_1' title='image "./godofrediherman02fritgoog_0099.png"; bbox 0 0 3275 5317; ppageno 0'>
   <div class='ocr_carea' id='block_1_1' title="bbox 713 437 2137 550">
    <p class='ocr_par' dir='ltr' id='par_1_1' title="bbox 713 437 2137 550">
     <span class='ocr_line' id='line_1_1' title="bbox 713 437 2137 550; baseline -0.004 -10"><span class='ocrx_word' id='word_1_1' title='bbox 713 468 805 540; x_wconf 83' lang='lat'>88</span> <span class='ocrx_word' id='word_1_2' title='bbox 1597 437 2040 538; x_wconf 70' lang='lat' dir='ltr'>scn&#39;omn</span> <span class='ocrx_word' id='word_1_3' title='bbox 2092 525 2137 550; x_wconf 63' lang='lat'>„,</span> 
     </span>
    </p>
   </div>
   <div class='ocr_carea' id='block_1_2' title="bbox 708 627 2993 2111">
    <p class='ocr_par' dir='ltr' id='par_1_2' title="bbox 708 627 2993 2067">
     <span class='ocr_line' id='line_1_2' title="bbox 717 627 2941 733; baseline -0.001 -25"><span class='ocrx_word' id='word_1_4' title='bbox 717 631 837 708; x_wconf 79' lang='lat' dir='ltr'>sed</span> <span class='ocrx_word' id='word_1_5' title='bbox 881 654 1015 707; x_wconf 74' lang='lat' dir='ltr'>non</span> <span class='ocrx_word' id='word_1_6' title='bbox 1061 639 1282 733; x_wconf 82' lang='lat' dir='ltr'>potest</span> <span class='ocrx_word' id='word_1_7' title='bbox 1329 630 1482 723; x_wconf 83' lang='grc' dir='ltr'><strong><em>καί,</em></strong></span> <span class='ocrx_word' id='word_1_8' title='bbox 1531 644 1609 709; x_wconf 85' lang='lat' dir='ltr'>nt</span> <span class='ocrx_word' id='word_1_9' title='bbox 1654 632 1969 710; x_wconf 84' lang='lat' dir='ltr'>Jacobsio</span> <span class='ocrx_word' id='word_1_10' title='bbox 2014 633 2221 709; x_wconf 80' lang='lat' dir='ltr'>visum</span> <span class='ocrx_word' id='word_1_11' title='bbox 2236 685 2262 727; x_wconf 88' lang='lat'><strong><em>,</em></strong></span> <span class='ocrx_word' id='word_1_12' title='bbox 2314 643 2544 731; x_wconf 71' lang='lat' dir='ltr'>atquo</span> <span class='ocrx_word' id='word_1_13' title='bbox 2595 627 2787 705; x_wconf 76' lang='lat' dir='ltr'>adeo</span> <span class='ocrx_word' id='word_1_14' title='bbox 2837 630 2941 705; x_wconf 86' lang='lat' dir='ltr'>si-</span> 
     </span>
     <span class='ocr_line' id='line_1_3' title="bbox 716 731 2949 835; baseline -0.002 -26"><span class='ocrx_word' id='word_1_15' title='bbox 716 734 1051 835; x_wconf 81' lang='lat' dir='ltr'>guificare.</span> <span class='ocrx_word' id='word_1_16' title='bbox 1149 735 1382 811; x_wconf 84' lang='lat' dir='ltr'>Potius</span> <span class='ocrx_word' id='word_1_17' title='bbox 1432 736 1818 833; x_wconf 77' lang='lat' dir='ltr'>&#39;corrigentis</span> <span class='ocrx_word' id='word_1_18' title='bbox 1884 762 1959 811; x_wconf 91' lang='lat' dir='ltr'>se</span> <span class='ocrx_word' id='word_1_19' title='bbox 2010 744 2146 812; x_wconf 76' lang='lat' dir='ltr'>est:</span> <span class='ocrx_word' id='word_1_20' title='bbox 2212 736 2460 835; x_wconf 67' lang='lat' dir='ltr'>qualis</span> <span class='ocrx_word' id='word_1_21' title='bbox 2510 746 2599 808; x_wconf 77' lang='lat' dir='ltr'>tu</span> <span class='ocrx_word' id='word_1_22' title='bbox 2645 731 2949 834; x_wconf 65' lang='lat' dir='ltr'>vespert·</span> 
     </span>
     <span class='ocr_line' id='line_1_4' title="bbox 717 838 2941 938; baseline 0 -29"><span class='ocrx_word' id='word_1_23' title='bbox 717 880 825 895; x_wconf 83' lang='lat'>—-</span> <span class='ocrx_word' id='word_1_24' title='bbox 874 848 958 910; x_wconf 79' lang='lat' dir='ltr'>et</span> <span class='ocrx_word' id='word_1_25' title='bbox 1019 862 1072 909; x_wconf 80' lang='lat' dir='ltr'>a</span> <span class='ocrx_word' id='word_1_26' title='bbox 1133 838 1450 914; x_wconf 43' lang='lat' dir='ltr'>merides</span> <span class='ocrx_word' id='word_1_27' title='bbox 1516 840 1696 915; x_wconf 59' lang='lat' dir='ltr'>eris</span> <span class='ocrx_word' id='word_1_28' title='bbox 1827 838 2187 938; x_wconf 79' lang='lat' dir='ltr'>Vulgatum</span> <span class='ocrx_word' id='word_1_29' title='bbox 2251 839 2515 916; x_wconf 77' lang='grc' dir='ltr'><em>ὃείλαν</em></span> <span class='ocrx_word' id='word_1_30' title='bbox 2573 868 2655 914; x_wconf 80' lang='grc' dir='ltr'>τε</span> <span class='ocrx_word' id='word_1_31' title='bbox 2701 839 2941 912; x_wconf 87' lang='lat' dir='ltr'>mirum</span> 
     </span>
     <span class='ocr_line' id='line_1_5' title="bbox 718 926 2939 1043; baseline -0 -28"><span class='ocrx_word' id='word_1_32' title='bbox 718 926 823 1015; x_wconf 82' lang='lat' dir='ltr'>est</span> <span class='ocrx_word' id='word_1_33' title='bbox 882 941 1113 1040; x_wconf 88' lang='lat' dir='ltr'>reponi</span> <span class='ocrx_word' id='word_1_34' title='bbox 1173 943 1342 1017; x_wconf 83' lang='lat' dir='ltr'>vol</span> <span class='ocrx_word' id='word_1_35' title='bbox 1381 969 1453 1018; x_wconf 89' lang='lat' dir='ltr'>se</span> <span class='ocrx_word' id='word_1_36' title='bbox 1517 942 1946 1018; x_wconf 87' lang='lat' dir='ltr'>Schaeferum</span> <span class='ocrx_word' id='word_1_37' title='bbox 2011 943 2096 1016; x_wconf 80' lang='lat' dir='ltr'>ad</span> <span class='ocrx_word' id='word_1_38' title='bbox 2158 942 2374 1043; x_wconf 87' lang='lat' dir='ltr'>Soph.</span> <span class='ocrx_word' id='word_1_39' title='bbox 2438 940 2693 1016; x_wconf 76' lang='lat' dir='ltr'>Trach-</span> <span class='ocrx_word' id='word_1_40' title='bbox 2761 938 2939 1014; x_wconf 84' lang='lat'><strong>235.</strong></span> 
     </span>
     <span class='ocr_line' id='line_1_6' title="bbox 719 969 2963 1144; baseline 0 -28"><span class='ocrx_word' id='word_1_41' title='bbox 719 1044 896 1143; x_wconf 80' lang='lat' dir='ltr'>quod</span> <span class='ocrx_word' id='word_1_42' title='bbox 939 1068 1171 1142; x_wconf 88' lang='lat' dir='ltr'>parum</span> <span class='ocrx_word' id='word_1_43' title='bbox 1218 969 1610 1144; x_wconf 40' lang='lat' dir='ltr'>inqtfflgeret</span> <span class='ocrx_word' id='word_1_44' title='bbox 1673 1046 1829 1144; x_wconf 80' lang='lat' dir='ltr'>quid</span> <span class='ocrx_word' id='word_1_45' title='bbox 1875 1045 1971 1121; x_wconf 77' lang='grc' dir='ltr'>τὺ</span> <span class='ocrx_word' id='word_1_46' title='bbox 2036 1046 2161 1119; x_wconf 90' lang='lat' dir='ltr'>sibi</span> <span class='ocrx_word' id='word_1_47' title='bbox 2209 1046 2430 1120; x_wconf 83' lang='lat' dir='ltr'>vellet.</span> <span class='ocrx_word' id='word_1_48' title='bbox 2543 1044 2627 1117; x_wconf 85' lang='lat' dir='ltr'>Id</span> <span class='ocrx_word' id='word_1_49' title='bbox 2689 1067 2963 1143; x_wconf 79' lang='lat' dir='ltr'>pnono-</span> 
     </span>
     <span class='ocr_line' id='line_1_7' title="bbox 716 1140 2947 1248; baseline 0 -29"><span class='ocrx_word' id='word_1_50' title='bbox 716 1171 867 1220; x_wconf 92' lang='lat' dir='ltr'>men</span> <span class='ocrx_word' id='word_1_51' title='bbox 918 1146 1061 1244; x_wconf 88' lang='lat' dir='ltr'>quis</span> <span class='ocrx_word' id='word_1_52' title='bbox 1111 1171 1246 1222; x_wconf 89' lang='lat' dir='ltr'>non</span> <span class='ocrx_word' id='word_1_53' title='bbox 1292 1150 1474 1224; x_wconf 82' lang='lat' dir='ltr'>videt</span> <span class='ocrx_word' id='word_1_54' title='bbox 1517 1173 1669 1223; x_wconf 91' lang='lat' dir='ltr'>cum</span> <span class='ocrx_word' id='word_1_55' title='bbox 1733 1156 2111 1248; x_wconf 88' lang='lat' dir='ltr'>contemptu</span> <span class='ocrx_word' id='word_1_56' title='bbox 2176 1149 2455 1248; x_wconf 70' lang='lat' dir='ltr'>quodam</span> <span class='ocrx_word' id='word_1_57' title='bbox 2517 1140 2705 1222; x_wconf 76' lang='lat' dir='ltr'>dici?</span> <span class='ocrx_word' id='word_1_58' title='bbox 2801 1144 2947 1220; x_wconf 76' lang='lat' dir='ltr'>Sed</span> 
     </span>
     <span class='ocr_line' id='line_1_8' title="bbox 711 1229 2945 1349; baseline 0.001 -27"><span class='ocrx_word' id='word_1_59' title='bbox 711 1229 837 1349; x_wconf 63' lang='lat' dir='ltr'>per</span> <span class='ocrx_word' id='word_1_60' title='bbox 883 1273 956 1321; x_wconf 89' lang='lat' dir='ltr'>se</span> <span class='ocrx_word' id='word_1_61' title='bbox 1006 1258 1225 1325; x_wconf 80' lang='lat' dir='ltr'>tamen</span> <span class='ocrx_word' id='word_1_62' title='bbox 1270 1276 1397 1326; x_wconf 86' lang='lat' dir='ltr'>nec</span> <span class='ocrx_word' id='word_1_63' title='bbox 1445 1252 1710 1349; x_wconf 80' lang='lat' dir='ltr'>vulgata</span> <span class='ocrx_word' id='word_1_64' title='bbox 1758 1250 2014 1328; x_wconf 78' lang='grc' dir='ltr'><em>ὃείλαν</em></span> <span class='ocrx_word' id='word_1_65' title='bbox 2060 1280 2142 1327; x_wconf 81' lang='grc' dir='ltr'>τε</span> <span class='ocrx_word' id='word_1_66' title='bbox 2190 1281 2321 1327; x_wconf 81' lang='grc' dir='ltr'>και</span> <span class='ocrx_word' id='word_1_67' title='bbox 2370 1255 2451 1327; x_wconf 76' lang='grc' dir='ltr'>ἓν</span> <span class='ocrx_word' id='word_1_68' title='bbox 2480 1250 2686 1348; x_wconf 76' lang='grc' dir='ltr'>μέσῳ</span> <span class='ocrx_word' id='word_1_69' title='bbox 2741 1249 2945 1346; x_wconf 73' lang='grc' dir='ltr'><em>ἅμα·</em></span> 
     </span>
     <span class='ocr_line' id='line_1_9' title="bbox 712 1351 2948 1453; baseline -0.002 -26"><span class='ocrx_word' id='word_1_70' title='bbox 712 1380 843 1437; x_wconf 84' lang='grc' dir='ltr'>τος</span> <span class='ocrx_word' id='word_1_71' title='bbox 889 1353 1277 1450; x_wconf 78' lang='lat' dir='ltr'>reprehendi</span> <span class='ocrx_word' id='word_1_72' title='bbox 1325 1363 1586 1453; x_wconf 87' lang='lat' dir='ltr'>potest,</span> <span class='ocrx_word' id='word_1_73' title='bbox 1638 1380 1765 1428; x_wconf 90' lang='lat' dir='ltr'>nec</span> <span class='ocrx_word' id='word_1_74' title='bbox 1817 1354 1991 1452; x_wconf 80' lang='lat' dir='ltr'>quod</span> <span class='ocrx_word' id='word_1_75' title='bbox 2049 1355 2121 1427; x_wconf 91' lang='lat' dir='ltr'>in</span> <span class='ocrx_word' id='word_1_76' title='bbox 2171 1354 2553 1452; x_wconf 83' lang='lat' dir='ltr'>quibusdam</span> <span class='ocrx_word' id='word_1_77' title='bbox 2600 1351 2789 1424; x_wconf 88' lang='lat' dir='ltr'>libris</span> <span class='ocrx_word' id='word_1_78' title='bbox 2842 1358 2948 1424; x_wconf 80' lang='lat' dir='ltr'>est</span> 
     </span>
     <span class='ocr_line' id='line_1_10' title="bbox 712 1453 2947 1558; baseline -0.001 -28"><span class='ocrx_word' id='word_1_79' title='bbox 712 1453 973 1530; x_wconf 78' lang='grc' dir='ltr'><em>ὃείλαν</em></span> <span class='ocrx_word' id='word_1_80' title='bbox 1019 1483 1130 1558; x_wconf 76' lang='grc' dir='ltr'>γε.</span> <span class='ocrx_word' id='word_1_81' title='bbox 1232 1455 1408 1530; x_wconf 82' lang='lat' dir='ltr'>lllud</span> <span class='ocrx_word' id='word_1_82' title='bbox 1455 1465 1713 1551; x_wconf 84' lang='lat' dir='ltr'>tamen,</span> <span class='ocrx_word' id='word_1_83' title='bbox 1763 1458 1893 1533; x_wconf 79' lang='grc' dir='ltr'>καὶ</span> <span class='ocrx_word' id='word_1_84' title='bbox 1941 1461 2025 1533; x_wconf 80' lang='grc' dir='ltr'>ἐν</span> <span class='ocrx_word' id='word_1_85' title='bbox 2070 1458 2277 1557; x_wconf 76' lang='grc' dir='ltr'>μέσῳ</span> <span class='ocrx_word' id='word_1_86' title='bbox 2330 1459 2641 1554; x_wconf 74' lang='grc' dir='ltr'>ἄμικτος,</span> <span class='ocrx_word' id='word_1_87' title='bbox 2691 1477 2736 1528; x_wconf 86' lang='grc'>3</span> <span class='ocrx_word' id='word_1_88' title='bbox 2786 1479 2947 1528; x_wconf 90' lang='lat' dir='ltr'>cor-</span> 
     </span>
     <span class='ocr_line' id='line_1_11' title="bbox 712 1557 2993 1659; baseline 0 -30"><span class='ocrx_word' id='word_1_89' title='bbox 712 1564 973 1631; x_wconf 88' lang='lat' dir='ltr'>rectore</span> <span class='ocrx_word' id='word_1_90' title='bbox 1022 1560 1389 1657; x_wconf 87' lang='lat' dir='ltr'>profectum</span> <span class='ocrx_word' id='word_1_91' title='bbox 1451 1560 1746 1654; x_wconf 83' lang='lat' dir='ltr'>videtur,</span> <span class='ocrx_word' id='word_1_92' title='bbox 1816 1560 1926 1658; x_wconf 84' lang='lat' dir='ltr'>qui</span> <span class='ocrx_word' id='word_1_93' title='bbox 1977 1564 2058 1636; x_wconf 79' lang='grc' dir='ltr'>ἐκ</span> <span class='ocrx_word' id='word_1_94' title='bbox 2103 1561 2308 1658; x_wconf 71' lang='grc' dir='ltr'><strong>μέσαι</strong></span> <span class='ocrx_word' id='word_1_95' title='bbox 2359 1561 2646 1659; x_wconf 77' lang='grc' dir='ltr'><strong>ἄμικτος</strong></span> <span class='ocrx_word' id='word_1_96' title='bbox 2664 1612 2692 1648; x_wconf 82' lang='grc'>,</span> <span class='ocrx_word' id='word_1_97' title='bbox 2772 1559 2948 1657; x_wconf 82' lang='lat' dir='ltr'>quod</span> <span class='ocrx_word' id='word_1_98' title='bbox 2976 1557 2993 1578; x_wconf 68' lang='grc'><em>“</em></span> 
     </span>
     <span class='ocr_line' id='line_1_12' title="bbox 713 1661 2951 1761; baseline -0 -27"><span class='ocrx_word' id='word_1_99' title='bbox 713 1684 797 1734; x_wconf 89' lang='lat' dir='ltr'>eo</span> <span class='ocrx_word' id='word_1_100' title='bbox 847 1668 1141 1758; x_wconf 88' lang='lat' dir='ltr'>tempore</span> <span class='ocrx_word' id='word_1_101' title='bbox 1191 1661 1402 1738; x_wconf 75' lang='grc' dir='ltr'><em>ὃείλα</em></span> <span class='ocrx_word' id='word_1_102' title='bbox 1451 1686 1707 1761; x_wconf 90' lang='lat' dir='ltr'>quoque</span> <span class='ocrx_word' id='word_1_103' title='bbox 1758 1662 2227 1761; x_wconf 89' lang='lat' dir='ltr'>comprehensa</span> <span class='ocrx_word' id='word_1_104' title='bbox 2286 1671 2499 1757; x_wconf 88' lang='lat' dir='ltr'>esset,</span> <span class='ocrx_word' id='word_1_105' title='bbox 2564 1686 2700 1735; x_wconf 91' lang='lat' dir='ltr'>non</span> <span class='ocrx_word' id='word_1_106' title='bbox 2761 1667 2951 1734; x_wconf 85' lang='lat' dir='ltr'>recte</span> 
     </span>
     <span class='ocr_line' id='line_1_13' title="bbox 714 1762 2950 1863; baseline 0 -28"><span class='ocrx_word' id='word_1_107' title='bbox 714 1762 975 1849; x_wconf 79' lang='lat' dir='ltr'>(lictum</span> <span class='ocrx_word' id='word_1_108' title='bbox 1011 1766 1306 1863; x_wconf 84' lang='lat' dir='ltr'>putabat.</span> <span class='ocrx_word' id='word_1_109' title='bbox 1407 1762 1628 1839; x_wconf 82' lang='lat' dir='ltr'>Aliter</span> <span class='ocrx_word' id='word_1_110' title='bbox 1655 1764 1809 1840; x_wconf 88' lang='lat' dir='ltr'>huic</span> <span class='ocrx_word' id='word_1_111' title='bbox 1856 1767 2267 1840; x_wconf 86' lang='lat' dir='ltr'>incommodo</span> <span class='ocrx_word' id='word_1_112' title='bbox 2296 1789 2644 1841; x_wconf 87' lang='lat' dir='ltr'>occursum</span> <span class='ocrx_word' id='word_1_113' title='bbox 2668 1765 2739 1836; x_wconf 90' lang='lat' dir='ltr'>in</span> <span class='ocrx_word' id='word_1_114' title='bbox 2768 1762 2950 1861; x_wconf 89' lang='lat' dir='ltr'>opti-</span> 
     </span>
     <span class='ocr_line' id='line_1_14' title="bbox 714 1866 2947 1968; baseline 0 -31"><span class='ocrx_word' id='word_1_115' title='bbox 714 1889 823 1938; x_wconf 90' lang='lat' dir='ltr'>mo</span> <span class='ocrx_word' id='word_1_116' title='bbox 873 1866 1103 1940; x_wconf 86' lang='lat' dir='ltr'>codice</span> <span class='ocrx_word' id='word_1_117' title='bbox 1149 1867 1483 1963; x_wconf 85' lang='lat' dir='ltr'>Mediceo,</span> <span class='ocrx_word' id='word_1_118' title='bbox 1534 1869 1606 1940; x_wconf 91' lang='lat' dir='ltr'>in</span> <span class='ocrx_word' id='word_1_119' title='bbox 1657 1892 1786 1966; x_wconf 87' lang='lat' dir='ltr'>quo</span> <span class='ocrx_word' id='word_1_120' title='bbox 1839 1868 2012 1967; x_wconf 79' lang='lat' dir='ltr'>quod</span> <span class='ocrx_word' id='word_1_121' title='bbox 2057 1870 2297 1968; x_wconf 79' lang='lat' dir='ltr'>legitur</span> <span class='ocrx_word' id='word_1_122' title='bbox 2344 1868 2616 1945; x_wconf 71' lang='grc' dir='ltr'><strong>ὃειλαῖε</strong></span> <span class='ocrx_word' id='word_1_123' title='bbox 2630 1920 2658 1955; x_wconf 84' lang='lat'><em>,</em></span> <span class='ocrx_word' id='word_1_124' title='bbox 2707 1866 2947 1941; x_wconf 87' lang='lat' dir='ltr'>bonam</span> 
     </span>
     <span class='ocr_line' id='line_1_15' title="bbox 708 1965 2967 2111; baseline 0.004 -72"><span class='ocrx_word' id='word_1_125' title='bbox 708 1968 983 2111; x_wconf 83' lang='lat' dir='ltr'>praehet</span> <span class='ocrx_word' id='word_1_126' title='bbox 1029 1969 1404 2067; x_wconf 81' lang='lat' dir='ltr'>lectionem,</span> <span class='ocrx_word' id='word_1_127' title='bbox 1454 1971 1516 2045; x_wconf 88' lang='lat' dir='ltr'>si</span> <span class='ocrx_word' id='word_1_128' title='bbox 1564 1973 1873 2046; x_wconf 79' lang='lat' dir='ltr'>scribitur</span> <span class='ocrx_word' id='word_1_129' title='bbox 1887 1998 1910 2044; x_wconf 73' lang='grc' dir='ltr'><strong><em>ε</em></strong></span> <span class='ocrx_word' id='word_1_130' title='bbox 2962 1965 2967 1970; x_wconf 69' lang='grc'><strong><em>’</em></strong></span> 
     </span>
    </p>
   </div>
   <div class='ocr_carea' id='block_1_3' title="bbox 918 2100 2946 2209">
    <p class='ocr_par' dir='ltr' id='par_1_3' title="bbox 918 2100 2946 2209">
     <span class='ocr_line' id='line_1_16' title="bbox 918 2100 2946 2209; baseline 0.002 -30"><span class='ocrx_word' id='word_1_131' title='bbox 918 2100 1132 2188; x_wconf 76' lang='grc' dir='ltr'><em>ποῖός</em></span> <span class='ocrx_word' id='word_1_132' title='bbox 1179 2135 1318 2194; x_wconf 82' lang='grc' dir='ltr'><strong>τις,</strong></span> <span class='ocrx_word' id='word_1_133' title='bbox 1370 2106 1682 2195; x_wconf 80' lang='grc' dir='ltr'>δείλαιε,</span> <span class='ocrx_word' id='word_1_134' title='bbox 1730 2106 1828 2182; x_wconf 78' lang='grc' dir='ltr'>’τύ</span> <span class='ocrx_word' id='word_1_135' title='bbox 1876 2109 1944 2209; x_wconf 69' lang='grc' dir='ltr'>γ’</span> <span class='ocrx_word' id='word_1_136' title='bbox 1998 2110 2081 2181; x_wconf 75' lang='grc' dir='ltr'>ἐκ</span> <span class='ocrx_word' id='word_1_137' title='bbox 2126 2109 2333 2205; x_wconf 81' lang='grc' dir='ltr'>μὲσω</span> <span class='ocrx_word' id='word_1_138' title='bbox 2400 2108 2689 2207; x_wconf 82' lang='grc' dir='ltr'><strong><em>αματος</em></strong></span> <span class='ocrx_word' id='word_1_139' title='bbox 2740 2109 2946 2205; x_wconf 76' lang='grc' dir='ltr'><strong>ἐσσῇ.</strong></span> 
     </span>
    </p>
   </div>
   <div class='ocr_carea' id='block_1_4' title="bbox 709 2240 3021 3462">
    <p class='ocr_par' dir='ltr' id='par_1_4' title="bbox 711 2240 3021 2422">
     <span class='ocr_line' id='line_1_17' title="bbox 919 2240 3021 2348; baseline -0 -32"><span class='ocrx_word' id='word_1_140' title='bbox 919 2240 1734 2343; x_wconf 75' lang='lat' dir='ltr'>V.14.Reponem1um</span> <span class='ocrx_word' id='word_1_141' title='bbox 1795 2266 1885 2317; x_wconf 82' lang='lat' dir='ltr'>ex</span> <span class='ocrx_word' id='word_1_142' title='bbox 1949 2241 2198 2343; x_wconf 82' lang='lat' dir='ltr'>aliquot</span> <span class='ocrx_word' id='word_1_143' title='bbox 2261 2243 2456 2318; x_wconf 78' lang='lat' dir='ltr'>codd.</span> <span class='ocrx_word' id='word_1_144' title='bbox 2516 2242 2785 2348; x_wconf 74' lang='grc' dir='ltr'><em>τοίγαρ</em></span> <span class='ocrx_word' id='word_1_145' title='bbox 2848 2244 2951 2330; x_wconf 77' lang='grc' dir='ltr'>τὰ</span> <span class='ocrx_word' id='word_1_146' title='bbox 2996 2299 3021 2314; x_wconf 67' lang='grc'>,</span> 
     </span>
     <span class='ocr_line' id='line_1_18' title="bbox 711 2345 1198 2422; baseline 0 -1"><span class='ocrx_word' id='word_1_147' title='bbox 711 2372 768 2421; x_wconf 87' lang='grc' dir='ltr'><em>π</em></span> <span class='ocrx_word' id='word_1_148' title='bbox 818 2345 859 2422; x_wconf 82' lang='grc' dir='ltr'><em>ὸ</em></span> <span class='ocrx_word' id='word_1_149' title='bbox 908 2348 1022 2420; x_wconf 74' lang='grc' dir='ltr'>θυ</span> <span class='ocrx_word' id='word_1_150' title='bbox 1075 2354 1198 2421; x_wconf 81' lang='grc' dir='ltr'>ἄν.</span> 
     </span>
    </p>

    <p class='ocr_par' dir='ltr' id='par_1_5' title="bbox 709 2373 2950 3447">
     <span class='ocr_line' id='line_1_19' title="bbox 770 2373 2947 2550; baseline 0.002 -29"><span class='ocrx_word' id='word_1_151' title='bbox 770 2373 812 2446; x_wconf 66' lang='grc' dir='ltr'><em>ρ</em></span> <span class='ocrx_word' id='word_1_152' title='bbox 926 2445 1019 2521; x_wconf 90' lang='lat' dir='ltr'>V.</span> <span class='ocrx_word' id='word_1_153' title='bbox 1028 2375 1199 2522; x_wconf 57' lang='grc'><strong>918.</strong></span> <span class='ocrx_word' id='word_1_154' title='bbox 1263 2444 1507 2547; x_wconf 84' lang='lat' dir='ltr'>Aptius</span> <span class='ocrx_word' id='word_1_155' title='bbox 1571 2447 1684 2521; x_wconf 92' lang='lat' dir='ltr'>hic</span> <span class='ocrx_word' id='word_1_156' title='bbox 1748 2455 1853 2521; x_wconf 87' lang='lat' dir='ltr'>est</span> <span class='ocrx_word' id='word_1_157' title='bbox 1912 2444 2185 2550; x_wconf 77' lang='grc' dir='ltr'><strong>μάντις</strong></span> <span class='ocrx_word' id='word_1_158' title='bbox 2245 2448 2668 2547; x_wconf 80' lang='grc' dir='ltr'><em>καλαμαία,</em></span> <span class='ocrx_word' id='word_1_159' title='bbox 2751 2473 2947 2549; x_wconf 85' lang='lat' dir='ltr'>quam</span> 
     </span>
     <span class='ocr_line' id='line_1_20' title="bbox 712 2544 2949 2651; baseline 0.001 -27"><span class='ocrx_word' id='word_1_160' title='bbox 712 2547 984 2651; x_wconf 78' lang='grc' dir='ltr'>μάντις</span> <span class='ocrx_word' id='word_1_161' title='bbox 1034 2549 1086 2625; x_wconf 76' lang='grc' dir='ltr'><em>ἄ</em></span> <span class='ocrx_word' id='word_1_162' title='bbox 1137 2549 1543 2647; x_wconf 82' lang='grc' dir='ltr'><em>καλαμαία,</em></span> <span class='ocrx_word' id='word_1_163' title='bbox 1596 2550 1751 2648; x_wconf 86' lang='lat' dir='ltr'>quia</span> <span class='ocrx_word' id='word_1_164' title='bbox 1784 2544 2032 2624; x_wconf 81' lang='lat' dir='ltr'>cicada</span> <span class='ocrx_word' id='word_1_165' title='bbox 2079 2551 2218 2645; x_wconf 84' lang='grc'><strong>3113,</strong></span> <span class='ocrx_word' id='word_1_166' title='bbox 2273 2577 2438 2650; x_wconf 90' lang='lat' dir='ltr'>quae</span> <span class='ocrx_word' id='word_1_167' title='bbox 2485 2549 2758 2651; x_wconf 79' lang='grc' dir='ltr'>μάντις</span> <span class='ocrx_word' id='word_1_168' title='bbox 2821 2578 2949 2627; x_wconf 84' lang='lat' dir='ltr'>vo-</span> 
     </span>
     <span class='ocr_line' id='line_1_21' title="bbox 712 2653 2948 2756; baseline -0 -26"><span class='ocrx_word' id='word_1_169' title='bbox 712 2654 1011 2746; x_wconf 85' lang='lat' dir='ltr'>cabatur,</span> <span class='ocrx_word' id='word_1_170' title='bbox 1063 2676 1195 2727; x_wconf 88' lang='lat' dir='ltr'>non</span> <span class='ocrx_word' id='word_1_171' title='bbox 1246 2654 1417 2751; x_wconf 83' lang='lat' dir='ltr'>quod</span> <span class='ocrx_word' id='word_1_172' title='bbox 1466 2653 1711 2752; x_wconf 82' lang='lat' dir='ltr'>aliquid</span> <span class='ocrx_word' id='word_1_173' title='bbox 1757 2654 2126 2756; x_wconf 83' lang='lat' dir='ltr'>portendat,</span> <span class='ocrx_word' id='word_1_174' title='bbox 2180 2655 2300 2728; x_wconf 81' lang='lat' dir='ltr'>sed</span> <span class='ocrx_word' id='word_1_175' title='bbox 2336 2664 2608 2754; x_wconf 89' lang='lat' dir='ltr'>propter</span> <span class='ocrx_word' id='word_1_176' title='bbox 2655 2654 2948 2754; x_wconf 88' lang='lat' dir='ltr'>speciem</span> 
     </span>
     <span class='ocr_line' id='line_1_22' title="bbox 712 2757 2949 2856; baseline 0 -25"><span class='ocrx_word' id='word_1_177' title='bbox 712 2781 900 2831; x_wconf 90' lang='lat' dir='ltr'>suam</span> <span class='ocrx_word' id='word_1_178' title='bbox 951 2764 1492 2835; x_wconf 86' lang='lat' dir='ltr'>commemoratur</span> <span class='ocrx_word' id='word_1_179' title='bbox 1505 2809 1533 2850; x_wconf 89' lang='lat'><strong>,</strong></span> <span class='ocrx_word' id='word_1_180' title='bbox 1608 2765 1685 2830; x_wconf 92' lang='lat' dir='ltr'>ut</span> <span class='ocrx_word' id='word_1_181' title='bbox 1732 2782 1865 2830; x_wconf 90' lang='lat' dir='ltr'>non</span> <span class='ocrx_word' id='word_1_182' title='bbox 1925 2757 2018 2830; x_wconf 87' lang='lat' dir='ltr'>sit</span> <span class='ocrx_word' id='word_1_183' title='bbox 2079 2782 2231 2856; x_wconf 89' lang='lat' dir='ltr'>per</span> <span class='ocrx_word' id='word_1_184' title='bbox 2267 2759 2614 2831; x_wconf 89' lang='lat' dir='ltr'>articulum</span> <span class='ocrx_word' id='word_1_185' title='bbox 2664 2759 2746 2831; x_wconf 88' lang='lat' dir='ltr'>ab</span> <span class='ocrx_word' id='word_1_186' title='bbox 2798 2758 2949 2831; x_wconf 82' lang='lat' dir='ltr'>aliis</span> 
     </span>
     <span class='ocr_line' id='line_1_23' title="bbox 717 2857 2950 2959; baseline 0 -21"><span class='ocrx_word' id='word_1_187' title='bbox 717 2857 1080 2938; x_wconf 71' lang='grc' dir='ltr'>μάντεσιν</span> <span class='ocrx_word' id='word_1_188' title='bbox 1143 2858 1591 2936; x_wconf 82' lang='lat' dir='ltr'>discernenda.</span> <span class='ocrx_word' id='word_1_189' title='bbox 1721 2859 2008 2938; x_wconf 80' lang='lat' dir='ltr'>Prorsus</span> <span class='ocrx_word' id='word_1_190' title='bbox 2106 2869 2323 2935; x_wconf 87' lang='lat' dir='ltr'>autem</span> <span class='ocrx_word' id='word_1_191' title='bbox 2410 2861 2701 2959; x_wconf 90' lang='lat' dir='ltr'>leporem</span> <span class='ocrx_word' id='word_1_192' title='bbox 2785 2860 2950 2938; x_wconf 79' lang='lat' dir='ltr'>dicti</span> 
     </span>
     <span class='ocr_line' id='line_1_24' title="bbox 709 2961 2948 3063; baseline -0.002 -23"><span class='ocrx_word' id='word_1_193' title='bbox 709 2989 847 3040; x_wconf 87' lang='lat' dir='ltr'>non</span> <span class='ocrx_word' id='word_1_194' title='bbox 906 2970 1389 3063; x_wconf 84' lang='lat' dir='ltr'>perspexerunt</span> <span class='ocrx_word' id='word_1_195' title='bbox 1451 2963 1841 3062; x_wconf 87' lang='lat' dir='ltr'>interpretes</span> <span class='ocrx_word' id='word_1_196' title='bbox 1858 3015 1884 3056; x_wconf 88' lang='lat'><strong><em>,</em></strong></span> <span class='ocrx_word' id='word_1_197' title='bbox 1953 2962 2067 3063; x_wconf 87' lang='lat' dir='ltr'>qni</span> <span class='ocrx_word' id='word_1_198' title='bbox 2136 2988 2301 3038; x_wconf 89' lang='lat' dir='ltr'>cum</span> <span class='ocrx_word' id='word_1_199' title='bbox 2349 2961 2792 3037; x_wconf 86' lang='lat' dir='ltr'>Valckenario</span> <span class='ocrx_word' id='word_1_200' title='bbox 2862 2964 2948 3036; x_wconf 80' lang='lat' dir='ltr'>ad</span> 
     </span>
     <span class='ocr_line' id='line_1_25' title="bbox 709 3065 2946 3187; baseline 0 -48"><span class='ocrx_word' id='word_1_201' title='bbox 709 3066 965 3141; x_wconf 89' lang='lat' dir='ltr'>Phoen.</span> <span class='ocrx_word' id='word_1_202' title='bbox 1028 3071 1252 3145; x_wconf 81' lang='lat'>1619.</span> <span class='ocrx_word' id='word_1_203' title='bbox 1300 3065 1692 3140; x_wconf 83' lang='lat' dir='ltr'>scholiastae</span> <span class='ocrx_word' id='word_1_204' title='bbox 1768 3076 1835 3140; x_wconf 92' lang='lat' dir='ltr'>et</span> <span class='ocrx_word' id='word_1_205' title='bbox 1898 3069 2303 3187; x_wconf 80' lang='lat' dir='ltr'>perineptam</span> <span class='ocrx_word' id='word_1_206' title='bbox 2366 3074 2434 3140; x_wconf 91' lang='lat' dir='ltr'>et</span> <span class='ocrx_word' id='word_1_207' title='bbox 2496 3091 2536 3138; x_wconf 93' lang='lat' dir='ltr'>a</span> <span class='ocrx_word' id='word_1_208' title='bbox 2586 3066 2768 3142; x_wconf 84' lang='lat' dir='ltr'>verbi</span> <span class='ocrx_word' id='word_1_209' title='bbox 2815 3089 2946 3143; x_wconf 85' lang='lat' dir='ltr'>na-</span> 
     </span>
     <span class='ocr_line' id='line_1_26' title="bbox 710 3169 2948 3270; baseline 0.002 -28"><span class='ocrx_word' id='word_1_210' title='bbox 710 3177 865 3242; x_wconf 84' lang='lat' dir='ltr'>tura</span> <span class='ocrx_word' id='word_1_211' title='bbox 925 3169 1378 3244; x_wconf 85' lang='lat' dir='ltr'>abhorrentem</span> <span class='ocrx_word' id='word_1_212' title='bbox 1456 3169 1960 3267; x_wconf 84' lang='lat' dir='ltr'>explicationem</span> <span class='ocrx_word' id='word_1_213' title='bbox 2037 3170 2298 3268; x_wconf 87' lang='lat' dir='ltr'>sequuti</span> <span class='ocrx_word' id='word_1_214' title='bbox 2367 3170 2745 3270; x_wconf 76' lang='grc' dir='ltr'><strong>χροΐξεται</strong></span> <span class='ocrx_word' id='word_1_215' title='bbox 2819 3193 2948 3270; x_wconf 88' lang='lat' dir='ltr'>pro</span> 
     </span>
     <span class='ocr_line' id='line_1_27' title="bbox 715 3267 2948 3372; baseline 0.003 -27"><span class='ocrx_word' id='word_1_216' title='bbox 715 3267 1460 3371; x_wconf 78' lang='grc' dir='ltr'><strong>συγχρωτισθήσεται</strong></span> <span class='ocrx_word' id='word_1_217' title='bbox 1507 3273 1755 3347; x_wconf 82' lang='lat' dir='ltr'>dictum</span> <span class='ocrx_word' id='word_1_218' title='bbox 1803 3278 2138 3370; x_wconf 88' lang='lat' dir='ltr'>putarunt.</span> <span class='ocrx_word' id='word_1_219' title='bbox 2192 3272 2387 3365; x_wconf 75' lang='lat' dir='ltr'>Quod</span> <span class='ocrx_word' id='word_1_220' title='bbox 2415 3273 2680 3372; x_wconf 86' lang='lat' dir='ltr'>scripsit</span> <span class='ocrx_word' id='word_1_221' title='bbox 2707 3270 2948 3352; x_wconf 78' lang='lat' dir='ltr'>Theo-</span> 
     </span>
     <span class='ocr_line' id='line_1_28' title="bbox 715 3372 947 3462; baseline 0.01 -16"><span class='ocrx_word' id='word_1_222' title='bbox 715 3372 947 3462; x_wconf 85' lang='lat' dir='ltr'>oritus,</span> 
     </span>
    </p>
   </div>
   <div class='ocr_carea' id='block_1_5' title="bbox 918 3504 2743 3609">
    <p class='ocr_par' dir='ltr' id='par_1_6' title="bbox 918 3504 2743 3609">
     <span class='ocr_line' id='line_1_29' title="bbox 918 3504 2743 3609; baseline 0.002 -24"><span class='ocrx_word' id='word_1_223' title='bbox 918 3504 1201 3608; x_wconf 80' lang='grc' dir='ltr'>μάντις.</span> <span class='ocrx_word' id='word_1_224' title='bbox 1236 3535 1356 3585; x_wconf 86' lang='grc' dir='ltr'>τοι</span> <span class='ocrx_word' id='word_1_225' title='bbox 1402 3507 1561 3587; x_wconf 75' lang='grc' dir='ltr'>τᾶν</span> <span class='ocrx_word' id='word_1_226' title='bbox 1599 3505 1839 3585; x_wconf 78' lang='grc' dir='ltr'><em>νύκτα</em></span> <span class='ocrx_word' id='word_1_227' title='bbox 1880 3513 2288 3609; x_wconf 73' lang='grc' dir='ltr'><strong>χροῖξεῖται</strong></span> <span class='ocrx_word' id='word_1_228' title='bbox 2336 3510 2743 3609; x_wconf 71' lang='grc' dir='ltr'><strong><em>καλαμαία,</em></strong></span> 
     </span>
    </p>
   </div>
   <div class='ocr_carea' id='block_1_6' title="bbox 714 3653 2947 3866">
    <p class='ocr_par' dir='ltr' id='par_1_7' title="bbox 714 3653 2947 3866">
     <span class='ocr_line' id='line_1_30' title="bbox 714 3653 2947 3759; baseline -0.001 -22"><span class='ocrx_word' id='word_1_229' title='bbox 714 3653 815 3737; x_wconf 86' lang='lat' dir='ltr'>sic</span> <span class='ocrx_word' id='word_1_230' title='bbox 861 3660 1384 3759; x_wconf 85' lang='lat' dir='ltr'>intelligendum·</span> <span class='ocrx_word' id='word_1_231' title='bbox 1434 3657 1904 3732; x_wconf 68' lang='lat' dir='ltr'>illuminabit</span> <span class='ocrx_word' id='word_1_232' title='bbox 1950 3660 2098 3735; x_wconf 66' lang='lat' dir='ltr'>tibi</span> <span class='ocrx_word' id='word_1_233' title='bbox 2116 3672 2417 3735; x_wconf 76' lang='lat' dir='ltr'>noctem</span> <span class='ocrx_word' id='word_1_234' title='bbox 2459 3664 2745 3742; x_wconf 65' lang='lat' dir='ltr'>mamis</span> <span class='ocrx_word' id='word_1_235' title='bbox 2776 3667 2947 3739; x_wconf 79' lang='lat' dir='ltr'>cul-</span> 
     </span>
     <span class='ocr_line' id='line_1_31' title="bbox 715 3761 2947 3866; baseline 0.003 -27"><span class='ocrx_word' id='word_1_236' title='bbox 715 3765 997 3839; x_wconf 62' lang='lat' dir='ltr'>maria.</span> <span class='ocrx_word' id='word_1_237' title='bbox 1112 3762 1479 3860; x_wconf 85' lang='lat' dir='ltr'>Hesychius</span> <span class='ocrx_word' id='word_1_238' title='bbox 1519 3761 2019 3862; x_wconf 78' lang='grc' dir='ltr'><em>χροίζόμενον</em></span> <span class='ocrx_word' id='word_1_239' title='bbox 2065 3765 2531 3864; x_wconf 83' lang='lat' dir='ltr'>interpretatur</span> <span class='ocrx_word' id='word_1_240' title='bbox 2595 3776 2947 3866; x_wconf 81' lang='grc' dir='ltr'><em>λαμπρυ-</em></span> 
     </span>
    </p>
   </div>
   <div class='ocr_carea' id='block_1_7' title="bbox 712 3865 2945 4069">
    <p class='ocr_par' dir='ltr' id='par_1_8' title="bbox 712 3865 2945 4069">
     <span class='ocr_line' id='line_1_32' title="bbox 712 3865 2945 3968; baseline -0 -21"><span class='ocrx_word' id='word_1_241' title='bbox 712 3866 1060 3966; x_wconf 78' lang='grc' dir='ltr'>νόμενον.</span> <span class='ocrx_word' id='word_1_242' title='bbox 1163 3865 1352 3940; x_wconf 87' lang='lat' dir='ltr'>Dicit</span> <span class='ocrx_word' id='word_1_243' title='bbox 1398 3867 1528 3941; x_wconf 93' lang='lat' dir='ltr'>hoc</span> <span class='ocrx_word' id='word_1_244' title='bbox 1575 3867 1746 3940; x_wconf 88' lang='lat' dir='ltr'>Milo</span> <span class='ocrx_word' id='word_1_245' title='bbox 1807 3868 2056 3943; x_wconf 86' lang='lat' dir='ltr'>ironice</span> <span class='ocrx_word' id='word_1_246' title='bbox 2074 3920 2103 3968; x_wconf 80' lang='lat'><em>,</em></span> <span class='ocrx_word' id='word_1_247' title='bbox 2177 3869 2351 3967; x_wconf 82' lang='lat' dir='ltr'>quod</span> <span class='ocrx_word' id='word_1_248' title='bbox 2398 3869 2588 3944; x_wconf 86' lang='lat' dir='ltr'>fusca</span> <span class='ocrx_word' id='word_1_249' title='bbox 2636 3880 2780 3949; x_wconf 82' lang='lat' dir='ltr'>erat</span> <span class='ocrx_word' id='word_1_250' title='bbox 2826 3873 2945 3946; x_wconf 88' lang='lat' dir='ltr'>illa</span> 
     </span>
     <span class='ocr_line' id='line_1_33' title="bbox 713 3968 1815 4069; baseline -0.005 -21"><span class='ocrx_word' id='word_1_251' title='bbox 713 3972 965 4068; x_wconf 87' lang='lat' dir='ltr'>Bomby</span> <span class='ocrx_word' id='word_1_252' title='bbox 965 3994 1084 4045; x_wconf 87' lang='lat' dir='ltr'>ca.</span> <span class='ocrx_word' id='word_1_253' title='bbox 1136 3968 1283 4042; x_wconf 83' lang='lat' dir='ltr'>vide</span> <span class='ocrx_word' id='word_1_254' title='bbox 1331 3994 1398 4044; x_wconf 82' lang='lat' dir='ltr'>v.</span> <span class='ocrx_word' id='word_1_255' title='bbox 1453 3973 1578 4043; x_wconf 83' lang='lat'>26.</span> <span class='ocrx_word' id='word_1_256' title='bbox 1631 3996 1815 4069; x_wconf 85' lang='lat' dir='ltr'>seqq.</span> 
     </span>
    </p>
   </div>
   <div class='ocr_carea' id='block_1_8' title="bbox 913 4070 2940 4535">
    <p class='ocr_par' dir='ltr' id='par_1_9' title="bbox 913 4070 1771 4175">
     <span class='ocr_line' id='line_1_34' title="bbox 913 4070 1771 4175; baseline -0.005 -26"><span class='ocrx_word' id='word_1_257' title='bbox 913 4072 1296 4175; x_wconf 82' lang='lat' dir='ltr'>Respondet</span> <span class='ocrx_word' id='word_1_258' title='bbox 1341 4070 1443 4145; x_wconf 88' lang='lat' dir='ltr'>his</span> <span class='ocrx_word' id='word_1_259' title='bbox 1491 4071 1771 4147; x_wconf 88' lang='lat' dir='ltr'>Battus·</span> <span class='ocrx_word' id='word_1_260' title='bbox 1747 4124 1769 4145; x_wconf 87' lang='lat'><strong>.</strong></span> 
     </span>
    </p>

    <p class='ocr_par' dir='ltr' id='par_1_10' title="bbox 916 4219 2940 4416">
     <span class='ocr_line' id='line_1_35' title="bbox 916 4219 2940 4329; baseline 0.001 -27"><span class='ocrx_word' id='word_1_261' title='bbox 916 4222 1345 4326; x_wconf 73' lang='grc' dir='ltr'><em>μωμᾶσθαί</em></span> <span class='ocrx_word' id='word_1_262' title='bbox 1391 4219 1469 4325; x_wconf 63' lang='grc' dir='ltr'>μ’</span> <span class='ocrx_word' id='word_1_263' title='bbox 1526 4227 1720 4329; x_wconf 76' lang='grc' dir='ltr'><em>ἄρχῃ</em></span> <span class='ocrx_word' id='word_1_264' title='bbox 1770 4221 1887 4302; x_wconf 81' lang='grc' dir='ltr'>τύ.</span> <span class='ocrx_word' id='word_1_265' title='bbox 1943 4223 2226 4324; x_wconf 81' lang='grc' dir='ltr'><strong><em>τυφλὸς</em></strong></span> <span class='ocrx_word' id='word_1_266' title='bbox 2277 4224 2358 4302; x_wconf 72' lang='grc' dir='ltr'>δ’</span> <span class='ocrx_word' id='word_1_267' title='bbox 2427 4226 2567 4304; x_wconf 77' lang='grc' dir='ltr'>οὐκ</span> <span class='ocrx_word' id='word_1_268' title='bbox 2615 4226 2843 4313; x_wconf 79' lang='grc' dir='ltr'><em>αὐτὸς</em></span> <span class='ocrx_word' id='word_1_269' title='bbox 2896 4229 2940 4305; x_wconf 83' lang='grc' dir='ltr'><em>ὃ</em></span> 
     </span>
     <span class='ocr_line' id='line_1_36' title="bbox 1934 4332 2304 4416; baseline 0.005 -13"><span class='ocrx_word' id='word_1_270' title='bbox 1934 4332 2304 4416; x_wconf 80' lang='grc' dir='ltr'><em>Πλοῦτος,</em></span> 
     </span>
    </p>

    <p class='ocr_par' dir='ltr' id='par_1_11' title="bbox 921 4428 2939 4535">
     <span class='ocr_line' id='line_1_37' title="bbox 921 4428 2939 4535; baseline 0.003 -30"><span class='ocrx_word' id='word_1_271' title='bbox 921 4429 1105 4508; x_wconf 77' lang='grc' dir='ltr'>ἀλλὰ</span> <span class='ocrx_word' id='word_1_272' title='bbox 1127 4430 1256 4508; x_wconf 83' lang='grc' dir='ltr'>καὶ</span> <span class='ocrx_word' id='word_1_273' title='bbox 1279 4430 1833 4535; x_wconf 76' lang='grc' dir='ltr'>ὥ’φρόντιστος</span> <span class='ocrx_word' id='word_1_274' title='bbox 1853 4431 2126 4533; x_wconf 77' lang='grc' dir='ltr'><em>Ἔρως·</em></span> <span class='ocrx_word' id='word_1_275' title='bbox 2160 4428 2403 4533; x_wconf 74' lang='grc' dir='ltr'><em>μηδὲν</em></span> <span class='ocrx_word' id='word_1_276' title='bbox 2433 4433 2626 4535; x_wconf 76' lang='grc' dir='ltr'><em>μέγα</em></span> <span class='ocrx_word' id='word_1_277' title='bbox 2653 4436 2939 4530; x_wconf 48' lang='lat' dir='ltr'>flav-9⁶13.</span> 
     </span>
    </p>
   </div>
  </div>
 </body>
</html>
