3275 5317
740 484 1265 550 YHOBOAH
1300 486 1420 548 ET
1471 485 2170 549 YHOBAHAHN.
2447 487 2575 553 311

337 644 890 725 ἄνταπόὸοτον.
1010 645 1117 721 Ne
1178 648 1247 720 in
1300 647 1403 720 his
1464 648 1724 746 quidem
1792 649 2141 747 quidquam
2207 646 2382 721 firmi
2447 659 2572 723 est.

337 751 586 844 Sumit,
664 775 707 823 a
779 751 1058 849 potiori„
1095 752 1338 825 factam
1420 776 1566 824 esse
1638 752 2264 841 denominationem3
2350 754 2571 846 sumit,

331 854 750 953 rhapsodiam
800 863 1097 927 vocatam
1148 880 1295 927 esse
1346 852 1769 954 ὑποβολήνε
1822 864 2123 928 neutrum
2168 855 2577 928 demonstra-

333 965 475 1032 tum
523 965 650 1032 est.
771 956 854 1029 Id
901 958 1101 1053 igitur
1162 959 1485 1051 sentiens,
1566 959 2082 1032 comminiscitur
2129 958 2412 1056 aliquam
2460 982 2578 1031 ra-

332 1062 605 1154 tionem,
659 1085 789 1160 qua
849 1061 1139 1159 potuerit
1205 1061 1337 1135 dici
1403 1059 1910 1146 ἄνταπόὸοσις
1973 1060 2375 1182 ὑποβολῆς.
2481 1059 2580 1135 At

333 1187 467 1238 non
520 1164 674 1262 quid
722 1164 1009 1263 potuerit
1056 1162 1224 1257 fieri,
1276 1165 1396 1237 sed
1445 1165 1599 1264 quid
1647 1166 1889 1261 factum
1944 1165 2056 1258 sit,
2110 1166 2409 1264 cupimus
2456 1190 2579 1239 co-

422 1290 678 1342 oscere.

331 1254 422 1363 gli
540 1369 826 1446 Videor
862 1370 1018 1441 mihi
1083 1370 1444 1445 ostendisse
1458 1423 1483 1464 ,
1539 1395 1707 1469 quae
1758 1370 2110 1469 disputavit
2171 1369 2576 1464 BoeckbiuS,

330 1474 575 1574 partim
626 1498 709 1546 ex
762 1474 960 1546 meris
1010 1474 1407 1548 coniecturis
1458 1475 1695 1547 hausta
1745 1499 1890 1547 esse
1906 1527 1933 1566 ,
1997 1473 2238 1571 partim
2297 1474 2578 1547 rationi-

331 1581 457 1651 bus
507 1602 640 1651 non
689 1586 873 1651 recte
925 1577 1255 1650 conclusis
1306 1577 1655 1670 contineri,
1708 1585 2038 1675 postremo
2093 1583 2311 1650 autem
2352 1601 2431 1650 eo
2461 1601 2578 1652 re-

333 1681 506 1774 dire,
558 1688 636 1753 ut
684 1679 978 1779 potuisse
1032 1704 1178 1752 esse
1221 1688 1596 1774 statuatur,
1654 1682 1828 1777 quod
1876 1706 2003 1754 nec
2069 1680 2579 1753 demonstratum

331 1785 423 1858 sit
444 1784 677 1877 fuisse,
704 1808 830 1856 nec
856 1784 1146 1881 potuisse
1173 1809 1318 1857 esse
1343 1784 1481 1856 veri
1503 1784 1714 1857 simile
1734 1785 1843 1857 sit.
1896 1782 2128 1880 Itaque
2155 1783 2283 1853 alia
2313 1791 2579 1855 tentan-

332 1888 421 1960 da
472 1887 598 1960 erit
650 1887 1024 1984 explicatio.
1129 1885 1304 1958 Eam
1355 1894 1570 1959 autem
1621 1887 1761 1979 illa,
1841 1911 2007 1984 quae
2059 1885 2427 1958 certissima
2478 1894 2623 1959 est*

331 1990 516 2065 verbi
567 1988 958 2086 significatio
974 2042 998 2082 ,
1050 1998 1186 2062 tam
1235 1990 1495 2089 planam
1513 2041 1538 2084 ,
1619 1997 1757 2064 tam
1824 1990 2229 2087 simplicem,
2295 1996 2432 2060 tam
2480 1989 2579 2061 rei

332 2093 892 2167 accommodatam
943 2093 1170 2186 offert,
1237 2100 1328 2165 utx
1374 2117 1509 2165 non
1558 2092 1975 2165 dubitandum
2046 2092 2126 2164 de
2196 2091 2335 2165 eius
2399 2091 2580 2163 veri-

330 2204 472 2270 tate
521 2197 841 2270 videatur.
946 2195 1119 2268 Nam
1172 2221 1370 2294 quum
1418 2192 1914 2294 ὑποβάλλειν,
1967 2190 2332 2290 ὑποβολή,
2383 2194 2580 2270 ὑπο-

332 2299 603 2401 βολεὺς
651 2300 916 2399 proprie
969 2299 1291 2372 destinata
1341 2298 1403 2371 ei
1451 2299 1825 2373 recitationi
1855 2299 2171 2373 vocabula
2201 2298 2358 2389 sint,
2412 2321 2578 2395 quae

330 2403 410 2477 fit
462 2404 593 2477 alio
643 2404 843 2476 verba
893 2412 1323 2499 suggerente,
1393 2402 1548 2499 quid
1598 2403 1777 2473 aliud
1838 2402 1911 2475 in
1970 2401 2398 2498 inscriptione
2464 2401 2582 2473 illa

331 2507 511 2607 quod
560 2506 844 2605 positum
896 2513 999 2578 est
1046 2505 1426 2602 ὑποβολῆς
1476 2504 1849 2602 significare
1897 2505 2331 2596 censebimus,
2387 2523 2581 2600 quam

325 2611 791 2684 recitationem*
850 2609 957 2681 vel
1018 2611 1336 2682 sermonis
1406 2610 1683 2681 alicuius
1751 2610 1855 2681 vel
1921 2609 2227 2682 carminis
2244 2661 2267 2699 ,
2334 2607 2580 2680 factam

329 2714 734 2805 memoriter,
789 2713 930 2805 sed,
982 2720 1059 2784 ut
1119 2712 1312 2784 hodie
1377 2736 1633 2810 quoque
1685 2710 1800 2804 fit,
1868 2735 2066 2808 quum
2132 2710 2322 2808 pueri
2385 2717 2579 2806 atque

331 2817 785 2891 adolescentes
836 2816 906 2887 iu
958 2815 1206 2888 scholis
1246 2815 1488 2912 aliquid
1518 2839 1743 2887 coram
1776 2824 1971 2887 coetu
2000 2814 2367 2902 auditorum
2397 2813 2579 2884 reci-

329 2928 501 3013 tant,
556 2920 881 3012 adstante,
936 2919 1048 3017 qui
1113 2943 1200 2990 ex
1263 2921 1511 3016 scripto
1577 2918 1778 2989 verba
1841 2924 2186 3014 suggerat,
2256 2939 2345 2988 ne
2409 2914 2579 2988 forte

335 3025 616 3097 haesitet
680 3031 749 3096 et
815 3022 1240 3096 conturbetur
1303 3022 1403 3115 is,
1490 3021 1603 3118 qui
1670 3022 1989 3093 eiusmodi
2052 3019 2385 3117 specimen
2452 3042 2578 3090 ex-

335 3121 571 3200 hibet?
675 3124 757 3198 Id
789 3127 850 3198 si
876 3128 973 3199 ita
1012 3133 1140 3218 est,
1193 3125 1389 3199 facile
1438 3124 1867 3221 intelligitur,
1923 3148 2090 3224 quae
2118 3122 2355 3195 initio
2334 3120 2580 3194 mseri-

331 3230 580 3331 ptionis
632 3228 848 3303 Teiae
893 3231 1197 3326 leguntur
1245 3229 1483 3322 verba,
1536 3227 1917 3327 ὑποβολῆς
1974 3222 2578 3318 ανταποδόοεως,

335 3334 516 3408 aliud
565 3333 721 3431 qnid
773 3357 944 3426 esse,
999 3356 1193 3430 quam
1245 3333 1419 3429 quod
1469 3332 1702 3404 deinde
1767 3333 2052 3430 positum
2125 3338 2227 3404 est
2289 3328 2583 3428 ὑποβο-

336 3446 490 3534 λῆς.
590 3434 722 3509 Est
769 3437 840 3509 id
891 3443 1108 3508 autem
1159 3460 1332 3529 non,
1399 3443 1477 3508 ut
1538 3435 1880 3528 Boeckhio
1946 3435 2324 3525 videbatur,
2392 3440 2578 3505 recto

338 3565 502 3617 casu
554 3538 1062 3623 ἅντάποὸοσις
1113 3538 1529 3636 ὑποβολῆς,
1581 3540 1702 3611 sed
1730 3522 2012 3611 naturali
2064 3538 2289 3609 ordine
2339 3536 2580 3608 verbo-

333 3669 483 3719 rum
532 3643 870 3743 ὑποβολὴ
924 3641 1524 3736 ανταποὸόσεως,
1576 3642 1879 3715 recitatio
1933 3640 2245 3732 diverbii,
2296 3639 2367 3710 in
2421 3662 2577 3758 quo,

336 3750 450 3849 qui
500 3748 845 3841 recitabat,
896 3750 1235 3847 utriusque
1288 3747 1793 3845 colloquentium
1857 3745 2189 3841 ingenium
2255 3742 2581 3840 animique

336 3853 747 3926 affectionem
798 3853 1047 3925 variata
1096 3876 1258 3924 voce
1311 3851 1587 3922 debebat
1636 3849 2026 3946 exprimere.
2135 3847 2332 3939 Quod
2382 3867 2577 3942 quum

335 3964 516 4029 esset
565 3956 830 4028 maioris
899 3954 1388 4029 exercitationis
1457 3961 1524 4025 et
1573 3950 1850 4049 peritiae
1867 4005 1891 4044 ,
1944 3974 2137 4049 quam
2187 3950 2378 4020 unius
2431 3972 2579 4020 ser-—

336 4083 595 4134 monem
644 4060 926 4132 recitare
940 4112 964 4151 ,
1018 4067 1338 4133 certatum
1405 4082 1485 4130 eo
1537 4080 1778 4152 genere
1842 4055 2133 4127 videmus
2198 4053 2279 4124 ab
2349 4051 2578 4123 adole·

335 4164 671 4238 scentibus
723 4163 1060 4236 adultioris
1128 4162 1361 4235 aetatis
1377 4212 1403 4253 ,
1470 4159 1723 4232 mediae
1773 4167 1993 4232 autem
2055 4156 2255 4230 aetati
2319 4154 2577 4251 simpli·

340 4291 485 4340 cem
537 4267 935 4364 assignatam
988 4291 1136 4340 esse
1187 4260 1594 4365 ὑποβολήν.
