3275 5317
1123 508 1422 576 INDEX
1463 509 1904 575 LATles.
2518 514 2652 582 369

898 670 991 747 N,
1579 673 1986 755 productiones
2010 673 2264 737 brevium
2303 677 2645 755 syllabarum

1668 760 1828 839 apud
1868 758 2237 823 Theocritum
2283 763 2425 828 104.
2469 783 2519 829 s.

412 845 617 908 Niciae
656 845 907 927 pictores
950 846 1068 907 duo
1110 847 1261 914 215.
1310 867 1357 908 s.

411 934 632 993 numeri
712 931 1113 1012 Lycophronis
1192 933 1344 999 248.
1428 954 1477 1001 a.
2064 929 2160 1007 R.

499 1018 796 1082 Theocriti
838 1022 945 1084 83.

885 1186 957 1265 Ο
1579 1101 2001 1165 Rhinthonicae
2038 1103 2269 1167 fabulae
2309 1109 2458 1174 259.

412 1385 449 1424 ο
518 1364 739 1444 primae
814 1380 1103 1444 personae
1180 1365 1484 1426 verborum
2069 1272 2155 1351 8⁶

493 1468 616 1510 non
660 1456 982 1531 correptum
1034 1450 1184 1517 271.
1239 1469 1289 1517 s.
1331 1454 1482 1520 280.
1582 1447 1777 1526 Satyri
1798 1467 1874 1509 an
1907 1449 2064 1530 apud
2093 1449 2389 1511 Romanos
2430 1454 2580 1521 256.
2603 1473 2651 1520 s.

494 1539 644 1601 285.
1583 1540 1884 1595 scazontes
1933 1553 2082 1596 ·non
2162 1538 2320 1618 apud
2397 1540 2655 1601 scenicos

411 1620 687 1683 Olbiades
728 1621 917 1703 pictor
941 1622 1107 1688 ’219.
1666 1619 1817 1686 277.
1861 1623 2010 1687 283.

409 1707 557 1772 ordo
599 1707 903 1768 verborum
944 1709 1109 1789 apud
1140 1697 1481 1789 Lycophro-
1578 1725 1789 1767 scenae
1829 1706 1990 1767 locus
2027 1712 2278 1770 mutatus
2316 1708 2380 1772 in
2417 1715 2651 1792 tragoe-
2706 1719 2711 1722 ’

493 1812 630 1856 nem
650 1793 724 1856 ab
770 1794 1010 1856 librariis
1044 1800 1296 1856 mutatus
1326 1795 1476 1861 246.
1667 1793 1765 1853 dia
1808 1794 1956 1861 190.

493 1898 545 1946 ι.

2059 1964 2158 2040 Τ.

1577 2138 1692 2199 tibi
1726 2136 1924 2199 ultima
1963 2137 2126 2199 brevi
2177 2139 2338 2225 apud
2389 2142 2645 2204 scenicos

404 2225 665 2307 picturae
718 2227 1003 2307 parietum
1063 2225 1212 2290 207.
1255 2244 1330 2291 ss.
1413 2226 1474 2286 in
1661 2221 1810 2289 287.
2002 2233 2006 2238 ’

490 2311 609 2371 udo
654 2311 803 2375 217.
849 2312 1127 2391 topiariae
1169 2314 1320 2377 222.
1571 2313 1811 2387 togatae
1853 2308 2082 2371 fabulae
2112 2312 2260 2377 258-

402 2396 664 2479 planipes
706 2400 855 2464 255.
896 2398 1263 2480 planipediae
1300 2397 1468 2459 fabu-
1574 2398 1914 2476 legatarius
1957 2397 2106 2462 261.

490 2483 584 2543 lae
625 2487 771 2548 258.
1577 2482 1875 2541 trabeatae
1909 2482 2143 2543 ‘fabulae
2184 2485 2331 2550 258.

401 2567 592 2629 Plauti
632 2567 973 2650 Amphitruo
1015 2567 1166 2636 259.
1576 2570 2044 2649 tragioomoodia
2084 2571 2234 2638 256.

403 2653 759 2735 Polygnotus
802 2658 952 2722 218.
996 2657 1146 2721 227.

404 2740 894 2823 praepositionum
908 2740 1346 2819 significationes
1369 2741 1473 2807 34.
2059 2736 2154 2815 V,

402 2876 803 2993 praetextatae
843 2912 1074 2975 fabulae
1113 2912 1263 2979 257.
1576 2908 1742 2974 Velia
1781 2907 2074 2975 Lucaniae
2113 2908 2161 2976 '7
2160 2911 2220 2980 9.
