3275 5317
717 491 852 562 aaa
1271 447 1854 556 mmcENnis
1895 491 2412 563 axsEQvus

717 652 1252 730 luculentioribus
1303 677 1495 751 quam
1547 653 1888 752 quisquan
1932 654 2105 730 alius
2154 662 2426 728 vocatus
2492 663 2671 729 esset
2716 656 2954 729 eondi-

716 756 1026 848 tionibus,
1079 757 1282 830 movit
1330 781 1479 832 eum
1528 758 1937 855 potissimum
1984 766 2061 832 ut
2108 755 2570 832 Vratislaviam
2617 759 2957 857 relinque-

641 883 666 912 ·
717 867 847 954 ret,
901 859 1074 957 quod
1114 859 1335 934 mitior
1384 861 1557 962 apud
1607 885 1728 934 nos
1781 861 1949 935 caeli
1998 862 2344 959 temperies
2374 862 2727 935 valetudini
2776 888 2960 936 uxo-

716 964 811 1035 ris
877 962 1201 1038 salubrior
1263 963 1483 1038 futura
1547 949 1913 1057 videretur,
1980 965 2100 1039 sed
2163 965 2528 1038 haesitabat
2591 973 2812 1038 tamen
2874 991 2962 1039 ea

715 1089 980 1158 caussa,
1033 1065 1231 1162 quod,
1283 1067 1343 1142 si
1392 1066 1536 1164 ipse
1585 1077 1986 1161 moreretur,
2038 1067 2270 1141 viduae
2317 1068 2670 1166 liberisque
2718 1070 2959 1141 melius
3090 1121 3095 1126 -

714 1168 854 1241 illic
904 1177 1081 1242 esset
1126 1178 1572 1267 prospectum.
1675 1168 1923 1246 Lenita
1966 1172 2134 1244 haec
2177 1171 2547 1246 sollicitudo
2576 1179 2703 1264 est,
2757 1197 2960 1270 quum

715 1272 782 1345 ei
831 1273 891 1346 si
939 1296 1070 1348 non
1122 1281 1306 1348 certa
1353 1274 1727 1370 promissio,
1778 1282 1853 1348 at
1901 1299 2055 1372 spes
2103 1281 2323 1347 tamen
2371 1299 2504 1347 non
2553 1274 2752 1347 dubia
2802 1276 2961 1347 data

716 1384 917 1468 esset,
968 1400 1102 1452 non
1153 1376 1521 1472 neglectum
1569 1377 1654 1450 iri
1668 1428 1693 1467 ,
1748 1377 1862 1474 qai
1929 1379 1993 1449 ei
2038 1377 2427 1474 ,superstites
2476 1377 2718 1451 forent.
2849 1377 2961 1454 Ita

714 1503 913 1576 quum
964 1479 1139 1577 apud
1188 1503 1308 1551 nos
1359 1502 1530 1553 anno
1579 1477 2190 1554 MDCCCXXVI.
2257 1504 2492 1554 munus
2562 1482 2962 1577 professoris

711 1581 1013 1681 physices
1063 1581 1486 1678 suscepisset,
1537 1607 1660 1679 per
1707 1582 1828 1656 hos
1875 1591 2031 1656 octo
2074 1607 2309 1676 annos,
2363 1585 2594 1681 quibus
2644 1609 2796 1657 enm
2847 1586 2960 1656 iu-

713 1709 912 1763 venes
961 1684 1327 1760 litterarum
1377 1685 1655 1759 studiosi
1721 1686 2054 1761 doctorem
2072 1737 2093 1773 ‚
2156 1711 2279 1759 nos
2351 1695 2569 1760 autem
2634 1688 2961 1784 collegam

714 1788 1081 1881 habuimus,
1133 1796 1383 1862 tantam
1434 1788 1576 1862 eiu·
1623 1791 1693 1860 in
1756 1789 2072 1864 obeundis
2138 1790 2424 1862 muneris
2492 1788 2727 1863 officiis
2792 1792 2958 1863 reli·

711 1892 975 1988 gionem
1025 1900 1094 1968 et
1144 1892 1582 1988 diligentiam,
1667 1899 1916 1966 tantam
1980 1893 2052 1966 in
2116 1893 2414 1966 omnibus
2480 1894 2762 1991 publicis
2811 1895 2959 1991 pri-

667 2091 668 2094 *
711 1996 1009 2092 vatisque
1072 1996 1352 2091 negotiis
1407 1993 1601 2070 fidem
1618 2047 1646 2088 ,
1715 1996 2169 2071 dexteritatem
2183 2049 2209 2089 ,
2272 1996 2684 2093 prudentiam
2698 2049 2723 2089 ,
2785 2021 2958 2071 con-

714 2099 1018 2172 stantiam
1034 2149 1061 2190 ,
1129 2098 1634 2172 moderationem
1653 2151 1681 2192 ,
1762 2106 2011 2173 tantam
2074 2101 2145 2172 in
2224 2100 2583 2173 amicorum
2648 2102 2958 2174 coetibus

630 2251 634 2255 >
713 2202 1176 2280 humanitatem
1189 2254 1215 2294 ,
1294 2203 1685 2299 aequitatem
1701 2255 1727 2295 ,
1792 2203 2306 2276 benevolentiam
2370 2228 2597 2275 sumus
2667 2205 2955 2301 experti,

713 2312 792 2380 nt
838 2329 1030 2380 nemo
1082 2305 1193 2398 sit,
1249 2305 1360 2402 qui
1424 2329 1737 2402 nmquam·
1790 2305 2091 2379 habuerit
2126 2306 2326 2426 quod
2376 2306 2458 2379 de
2523 2330 2603 2379 eo
2658 2331 2956 2404 conque-

712 2416 994 2499 reretur,
1044 2407 1241 2480 immo
1290 2432 1518 2481 omnes
1568 2412 1632 2480 el
1681 2409 1846 2481 bene
1878 2418 2206 2506 cuperent
2254 2410 2587 2507 virumque
2639 2411 2958 2507 optimum

715 2533 863 2584 esse
925 2509 1310 2584 faterentur.
1455 2510 1682 2586 Tanta
1745 2519 1964 2585 autem
2027 2519 2170 2588 erat
2234 2513 2434 2584 eius
2416 2512 2760 2585 modestia
2778 2566 2804 2606 ,
2886 2522 2958 2587 ut

714 2621 856 2688 tum
906 2612 1164 2688 demum
1212 2613 1472 2710 penitus
1523 2637 1692 2711 quae
1743 2613 1884 2687 eius
1948 2637 2268 2712 quamque
2333 2616 2612 2688 eximiae
2676 2617 2956 2689 virtutes

715 2725 938 2790 essent
987 2737 1558 2812 cognosceremus,
1613 2742 1810 2814 quum
1860 2716 2235 2808 videbamus
2252 2771 2277 2811 ,
2347 2727 2590 2815 quanta
2640 2744 2794 2791 cnm
2848 2721 2955 2791 di-

713 2821 962 2917 gnitate
1012 2827 1080 2895 et
1127 2820 1446 2916 gravitate
1496 2822 1889 2913 sustineret,
1944 2821 2117 2918 quod
2179 2823 2244 2893 ei
2292 2821 2619 2918 suffragiis
2684 2832 2955 2896 senatus

715 2923 1001 3000 delatum
1053 2932 1220 3016 erat,
1271 2928 1507 2995 munus
1557 2924 1835 2997 rectoris
1885 2921 2312 2997 Academiae.
2413 2922 2548 2998 Est
2596 2925 2771 2997 enim
2823 2927 2953 2998 hu-

711 3029 817 3100 ius
882 3027 1182 3102 muneris·
1235 3026 1709 3102 administratio
1774 3051 1972 3124 quum
2049 3027 2120 3099 in
2197 3026 2494 3099 omnibus
2572 3025 2954 3103 Academiis

713 3132 842 3204 hoc
890 3137 1185 3226 tempore
1237 3128 1642 3221 difficillima,
1695 3138 1836 3203 tum
1887 3131 2062 3227 apud
2109 3154 2232 3203 nos
2260 3139 2532 3228 propter
2555 3130 2721 3202 duas
2751 3156 2955 3205 caus-

715 3256 866 3323 sas,
933 3231 1014 3304 de
1080 3232 1312 3329 quibus
1361 3232 1533 3304 infra
1596 3233 1892 3326 dicetur,
1960 3233 2136 3306 haud
2195 3234 2458 3331 paullo,
2525 3258 2720 3332 quam
2771 3237 2952 3328 alibi,

714 3331 1065 3411 diffieilior.
1171 3331 1530 3409 Ordiamur
1579 3335 1660 3405 ab
1711 3336 1820 3428 iis,
1875 3361 2040 3433 quae
2090 3338 2460 3409 communia
2506 3348 2683 3411 sunt.
2780 3337 2953 3411 Nam

715 3460 915 3557 quum
963 3436 1211 3532 aliquot
1275 3436 1510 3510 abhinc
1561 3437 1748 3508 annis
1799 3464 2063 3512 saevum
2128 3437 2432 3513 Gallicae
2497 3441 2952 3515 dominationis

712 3541 937 3636 iugum
989 3540 1391 3620 excussisset
1442 3537 1827 3633 Germania,
1880 3543 2239 3639 laetiorque
2288 3542 2407 3615 lux
2457 3543 2816 3618 affulsisset
2862 3546 2951 3616 li·-

714 3644 981 3718 beratae
1030 3645 1341 3764 patriae,
1374 3644 1704 3740 erectique
1756 3651 1975 3719 essent
2024 3646 2310 3718 omnium
2377 3646 2597 3718 animi
2637 3672 2756 3745 spe
2806 3672 2952 3720 ma-

717 3770 889 3843 guae
938 3748 1404 3841 conversionis,
1456 3770 1588 3844 qua
1638 3748 1750 3844 qui
1815 3758 2078 3821 strenue
2143 3773 2266 3846 pro
2332 3750 2633 3822 libertate
2698 3753 2951 3847 patriae

715 3857 1153 3947 pugnassent,
1235 3852 1431 3924 etiam
1495 3851 1827 3946 regundae
1907 3852 2187 3925 civitatis
2267 3853 2474 3949 magis
2541 3876 2736 3949 quam
2801 3863 2953 3928 ante

716 3958 1073 4050 compotes
1102 3950 1370 4027 fierent·
1431 3954 1748 4030 exstitere
1799 3935 2130 4048 nonnulli,
2195 3955 2427 4027 insana
2473 3981 2693 4028 rerum
2742 3982 2955 4030 nova-

711 4075 861 4127 rum
912 4055 1266 4175 cupiditate
1315 4057 1666 4153 flagrantes
1681 4110 1707 4150 ,
1788 4060 1899 4155 qui
1949 4060 2016 4130 vi
2081 4058 2285 4131 e'verti
2351 4060 2653 4156 antiqua,
2730 4081 2950 4158 quam,

717 4179 885 4252 quae
932 4159 1145 4231 minus
1197 4168 1380 4233 recte
1429 4160 1730 4232 instituta
1778 4154 2147 4238 viderentur
2212 4169 2326 4233 aut
2388 4163 2715 4284 temporis·
2764 4164 2953 4236 diur-

718 4258 921 4332 nitate
970 4262 1264 4336 obsoleta
1312 4272 1532 4337 essent
1543 4316 1569 4356 ,
1624 4265 1898 4338 consilio
1951 4272 2018 4337 et
2066 4264 2411 4362 prudentia
2473 4265 2718 4362 corrigi
2782 4267 2951 4338 mal-

719 4361 880 4434 lent.
995 4363 1192 4440 Vnde
1242 4367 1651 4451 clandestina
1724 4368 1890 4441 inita
1951 4376 2105 4441 sunt
2169 4368 2474 4442 sodalitia
2534 4369 2950 4466 nefariaeque

721 4463 1233 4596 coniurationes.
1299 4470 1533 4567 quibus
1602 4495 1799 4569 quum
1812 4521 1838 4562 ‚
1915 4478 1991 4546 nt
2038 4470 2155 4566 fit,
2205 4472 2492 4547 iuniores
2539 4473 2948 4572 potissimum
