3275 5317
579 539 583 550 ι
701 459 793 528 m
1342 437 1345 440 ’
1511 420 1632 521 ns
1675 459 2160 530 Assscnrm

1011 621 1297 719 σαύρας
1346 620 1815 699 ὑποσκίοισιν
1864 625 1947 700 ἐν
1995 621 2473 725 ψυκτηρίοιςι

996 723 1312 820 gelidis
1333 725 1668 798 lacertos
1716 744 2113 798 nemorum
2163 726 2250 799 in
2299 725 2675 799 umbrosis
2726 726 2936 802 lomb.

697 861 911 938 Posui
957 863 1272 937 librorum
1322 863 1740 963 scripturam,
1819 866 1947 937 nisi
1998 866 2172 963 quod
2223 866 2378 938 olim
2427 865 2497 937 in
2550 865 2700 938 edd.
2749 865 2939 962 lege-

696 963 889 1040 batur
938 965 1401 1064 ὑπηκόοισιν.
1506 966 1987 1040 Valckenarius
2019 970 2103 1041 ad
2143 968 2414 1067 Hippol.
2453 973 2620 1042 199.
2658 995 2726 1066 p.
2765 971 2936 1042 184.

694 1070 763 1144 b.
815 1072 1003 1145 valde
1053 1071 1371 1170 probabili
1424 1071 1805 1144 coniectura
1885 1098 1932 1146 σ
1981 1074 2053 1144 in
2107 1071 2393 1169 σαύρας
2464 1098 2499 1144 e
2551 1081 2938 1169 praegresso

695 1176 1014 1249 vocabulo
1066 1175 1435 1247 adhaesisse
1486 1182 1750 1272 putanS,
1807 1177 2047 1272 αὔρας
2082 1177 2282 1248 scribi
2310 1176 2526 1268 iussit,
2583 1176 2692 1246 cui
2723 1174 2938 1247 fiden-

691 1285 798 1351 ter
847 1278 1352 1377 obsequendum·
1379 1277 1673 1371 censuit,
1739 1279 2030 1376 quamvis
2095 1288 2163 1352 et
2229 1279 2421 1352 codd.
2492 1286 2561 1350 ct
2624 1274 2937 1376 Epitome

695 1378 982 1480 σαύρας
1032 1389 1333 1473 teneant,
1403 1377 2063 1477 Schweighaeuserus
2078 1435 2105 1475 ,
2173 1382 2327 1480 quia
2391 1407 2523 1453 non
2584 1381 2934 1474 umbrosis,

692 1485 809 1557 'sed
861 1485 1104 1583 apricis
1154 1483 1321 1556 locis
1372 1483 1660 1555 lacertae
1711 1486 2058 1580 gaudeant.
2163 1484 2418 1557 Verum
2467 1484 2595 1555 hoc
2648 1484 2932 1581 quidem,

691 1587 810 1660 sed
858 1612 1063 1686 prava
1110 1586 1521 1659 ratiocinatio
1577 1589 1703 1679 est,
1760 1612 1887 1685 qua
1936 1613 2196 1660 versum
2246 1585 2560 1690 Aeschyli
2594 1587 2936 1680 corrigen-

694 1690 845 1763 dum
893 1692 1165 1763 iudicat.
1286 1689 1463 1781 Quid
1513 1691 2016 1786 reprehenderet
2068 1692 2238 1763 enim
2258 1743 2283 1783 ,
2355 1692 2414 1762 si
2465 1690 2739 1761 dixisset
2787 1687 2936 1761 Ae·-

692 1794 979 1891 schylus,
1035 1792 1209 1869 οὐδ’
1265 1791 1470 1892 εύροι
1511 1811 1625 1875 τίς
1679 1792 1782 1869 ἂν
1813 1790 2100 1893 σαύρας
2150 1792 2620 1869 ὑποσκίοισιν
2666 1796 2749 1868 ἐν
2777 1815 2934 1892 ψυ-

693 1891 1075 1995 κτηρίοιςΡ
1113 1903 1226 1968 aut
1261 1896 1319 1967 si
1351 1895 1750 1993 scripsisset,
1787 1896 1965 1981 ὥςτε
1995 1895 2218 1987 καῦιί
2252 1897 2715 1998 ὑπεκφυγεῖν
2747 1893 2935 1971 σαύ-

694 2030 834 2102 ρας
863 1998 1331 2076 ὑποσκίοισιν
1364 2002 1447 2075 §v
1468 1999 1956 2099 ψυκτηρίοις,
2011 2010 2086 2074 ut
2112 1999 2431 2098 Virgilius
2463 1997 2619 2072 Ecl.
2648 1997 2746 2072 Π.
2782 2004 2856 2074 9.

793 2163 1001 2210 nunc
1049 2136 1330 2208 vinda·
1383 2134 1622 2207 etiam
1673 2137 2072 2210 occultant
2118 2137 2421 2236 spineta
2473 2135 2827 2210 lacertos,

692 2273 891 2349 Certe
945 2274 1087 2372 quis
1141 2275 1316 2346 ausit
1369 2273 1770 2347 contendere
1777 2328 1802 2367 ,
1871 2300 2004 2347 non
2054 2276 2125 2347 in
2176 2276 2662 2373 comparatione
2716 2275 2934 2372 aliqua

687 2379 1083 2466 mentionem
1131 2377 1274 2450 fieri
1324 2377 1717 2449 lacertarum
1766 2378 2102 2475 potuisse.
2084 2372 2142 2431 Ρ
2227 2378 2452 2470 Quare
2504 2403 2626 2474 ego
2674 2378 2932 2475 quidem

688 2461 1116 2554 Valckenarii
1167 2480 1636 2575 coniecturam,
1692 2481 1817 2553 etsi
1866 2481 2053 2554 valde
2104 2482 2369 2580 placet,
2436 2503 2571 2554 ιιοιι
2621 2481 2931 2554 continuo

687 2608 910 2658 veram
959 2607 1107 2656 esse
1159 2583 1461 2656 dixerim.

893 2684 1108 2759 Nimis
1175 2688 1409 2759 mirum
1476 2693 1615 2778 est,
1699 2685 1872 2783 quod
1951 2687 2125 2784 apud
2203 2631 2605 2784 Hesychium
2666 2686 2929 2782 legitur,

689 2784 1060 2878 ὅκτώπας,
1110 2818 1306 2865 ποτα
1309 2785 1411 2892 ιιό
1417 2817 1476 2882 ς,
1530 2788 1711 2861 nullo
1765 2797 2033 2862 auctore
2086 2789 2441 2863 nominato.
2494 2788 2668 2862 Nam
2698 2813 2931 2910 'neque

688 2895 958 2968 fluvium
1008 2894 1290 2991 aliquem
1358 2889 1742 2991 Octopam
1758 2892 2100 2990 quisquam
2164 2895 2369 2986 novit,
2423 2918 2549 2966 nec
2566 2946 2591 2987 ,
2661 2892 2720 2964 si
2768 2890 2932 2986 lllud

684 2998 1082 3072 adiectivum
1132 3006 1258 3091 est,
1313 2997 1481 3095 quid*
1518 2993 1843 3094 significet
1893 3020 1973 3068 ea
2023 3010 2169 3071 vox'
2204 3005 2319 3070 aut
2348 2997 2669 3096 quomodo
2702 3019 2928 3067 emen-

691 3101 907 3173 danda
971 3102 1097 3194 sit,
1165 3108 1242 3172 ut
1306 3100 1505 3186 fluvio
1571 3099 1949 3192 conveniat,
2017 3109 2314 3198 apparet.
2440 3096 2687 3172 Omisit
2733 3099 2929 3171 istam

691 3205 977 3300 glossam
1026 3200 1431 3275 Favorinus:
1496 3202 1694 3273 habet
1744 3210 1961 3273 autem
2024 3202 2301 3276 Photius
2366 3203 2438 3273 in
2503 3201 2652 3275 loco
2703 3209 2935 3299 aperte-

590 3307 979 3400 22turbato,
1030 3306 1103 3377 in
1154 3329 1280 3402 quo
1330 3305 1454 3376 hae
1506 3312 1812 3436 quattuor
1861 3306 2209 3377 continuae
2260 3305 2519 3435 glossae
2571 3314 2724 3377 suut
2751 3304 2927 3376 scri-

688 3416 883 3508 ptac.
928 3405 1406 3504 Ὅκτιόπηχυς
1447 3407 1577 3482 καὶ
1611 3402 2035 3491 ὀκτώπους.
2094 3406 2481 3506 Φιλήιιων.
2526 3404 2925 3485 Ὀκτώπαν

690 3510 1075 3611 ποταμόν·
1126 3508 1502 3608 Αἲσχύλος
1569 3510 2054 3586 ὃιαπέπλευκε
2123 3511 2584 3595 Νεανίσκοις.
2645 3507 2927 3588 Ὄκτιό-

689 3644 876 3700 πας.
928 3619 1097 3713 ἤτοι
1147 3645 1187 3690 ο
1245 3612 1615 3710 σκορπίος.
1663 3611 2136 3698 Ὄκτώπους.
2184 3614 2234 3711 ἢ
2288 3646 2327 3690 ο
2383 3613 2671 3715 μακρὸς
2722 3611 2921 3688 ὄκτω

690 3718 978 3796 ποδῶν.
1080 3717 1164 3790 Ιιι
1212 3719 1315 3790 his
1379 3718 1542 3790 illud
1606 3718 1765 3790 mihi
1828 3719 2026 3791 facile
2093 3719 2527 3809 concedetur,
2596 3718 2927 3814 discerpta

692 3848 866 3919 esse,
921 3846 1086 3921 quae
1138 3821 1490 3895 cohaerere
1543 3822 1888 3915 debebant,
1940 3822 2134 3918 idque
2187 3823 2382 3894 etiam
2409 3820 2633 3893 ordine
2683 3820 2924 3892 verbo-

687 3952 836 4000 rum
888 3926 1196 4000 confuso:
1250 3925 1367 3996 sed
1419 3949 1546 4022 quo
1597 3933 1796 4022 pacto
1865 3924 2265 3998 emendanda
2329 3924 2502 4015 sint,
2570 3946 2801 3995 vereor
2848 3931 2925 3996 ut

688 4032 775 4103 ad
825 4030 1139 4128 liquidum
1201 4027 1474 4125 perduci
1537 4029 1750 4124 possit
1820 4028 1946 4099 nisi
2010 4035 2272 4123 reperto
2343 4025 2510 4097 alius
2580 4026 2921 4124 scriptoris

686 4134 1082 4207 testimonio.
1206 4130 1380 4202 Tria
1441 4137 1662 4202 tamen
1721 4130 1794 4201 in
1858 4130 1964 4200 his
2013 4129 2248 4227 glossis
2317 4154 2451 4202 non
2516 4130 2713 4202 dubia
2775 4156 2921 4207 esse

690 4244 888 4335 puto.
940 4236 1151 4334 primo
1204 4241 1320 4307 aut
1367 4234 1532 4307 haec
1582 4234 1804 4326 verba,
1856 4230 2233 4334 Αἰσχύλος
2282 4232 2749 4355 Νεανίσκοις,
2807 4246 2923 4309 aut

689 4340 832 4431 illa,
882 4337 1227 4437 ποταμὸν
1276 4336 1808 4414 διαπέπλευκεν
1822 4387 1849 4431 ,
1892 4336 2006 4512 lvel
2054 4361 2142 4409 ex
2194 4338 2485 4434 margine
2500 4389 2527 4433 ,
2595 4340 2699 4411 vel
2747 4339 2921 4436 quod

692 4466 895 4541 supra
943 4466 1200 4517 versum
1249 4441 1585 4540 adscripta
1631 4448 1843 4536 erant,
1892 4435 2060 4516 locis
2110 4461 2241 4516 non
2291 4441 2432 4516 suis
2457 4465 2606 4517 esse
2632 4441 2917 4534 inserta3
