3275 5317
706 447 840 560 13⁸
1494 486 1620 551 nn
1659 486 2146 553 Assscnrm

702 655 778 728 in
836 673 1080 752 corpus
1162 648 1476 725 Hectoris
1556 649 1926 743 abstinere,
2000 657 2072 725 et
2148 648 2594 750 sepeliendum
2669 648 2948 724 reddere

701 756 1010 832 Priamo=
1099 777 1228 853 quo
1308 751 1532 828 officio
1603 753 1780 851 apud
1859 752 2222 827 Homerum
2290 749 2546 827 Thetis
2627 753 2948 851 fungitur.

707 858 779 934 N
780 885 868 934 on
917 858 1126 956 magis
1175 853 1524 930 verisimile
1576 865 1705 950 est,
1757 856 1932 954 quod
1983 856 2194 929 eidem
2227 857 2368 931 viro
2418 857 2617 931 docto
2666 856 2949 955 placm’t,

705 962 1028 1058 Phryges,
1083 961 1197 1059 qui
1244 960 1515 1034 chorum
1565 967 1789 1055 agant,
1841 960 2114 1032 comites
2181 983 2328 1033 esse
2392 953 2683 1033 Priami.
2714 984 2950 1058 quem

704 1065 1019 1140 credibile
1085 1067 1225 1137 cst
1202 1113 1229 1156 ,
1306 1069 1383 1135 ut
1445 1062 1623 1160 apud
1686 1060 2046 1135 Homerum
2060 1114 2088 1156 ,
2153 1071 2355 1137 noctu
2422 1063 2636 1135 solum
2696 1063 2947 1137 venire.

681 1166 912 1242 Immo
978 1166 1251 1241 chorum
1317 1190 1406 1240 ex
1470 1165 1749 1262 captivis
1816 1167 2250 1264 compositum
2329 1165 2534 1240 fuisse
2606 1166 2981 1263 existimo,

665 1295 874 1371 quos
924 1267 1220 1345 Achilles
1272 1268 1433 1342 satis
1482 1268 1725 1342 multos
1772 1267 2074 1342 habebat.

904 1372 1152 1447 Pollux
1204 1370 1367 1445 VH.
1439 1375 1613 1445 131.
1678 1379 1791 1472 τῷ
1861 1370 2121 1470 μέντοι
2185 1378 2545 1474 φορτηγῷ
2605 1367 2728 1446 ἐπὶ
2785 1378 2952 1448 τῶν

698 1473 798 1554 τὰ
850 1474 1130 1576 φορτία
1196 1472 1549 1616 ἀγόντων
1599 1444 1953 1577 ἐμπόρων
2022 1474 2369 1578 κέχρηται
2418 1471 2803 1571 Αἰσχύλος
2864 1478 2953 1553 ἐν

703 1579 1004 1681 Φρυξὶν
1051 1577 1103 1677 ἢ
1155 1586 1491 1677 λυτροις·
2964 1652 2972 1657 ,

1992 1675 2185 1757 ἀλλὰ
2233 1709 2386 1760 ναυ
2386 1676 2638 1779 βατην

960 1779 1377 1885 φορτηγόν,
1431 1779 1636 1867 ὅστις
1687 1786 1943 1881 ῥῶπον
1994 1781 2234 1888 &aym
2277 1782 2606 1881 χθονός.

700 1902 994 2027 Accepit
1041 1904 1210 1977 haec
1257 1900 1625 2000 Aeschylus
1676 1902 1759 1976 ab
1818 1901 2109 1978 Homero
2122 1956 2150 1999 ,
2200 1905 2377 2004 apud
2426 1927 2620 2005 quem
2666 1904 2951 1980 Mercu-

699 2009 838 2083 rius
887 2010 978 2082 in
1006 2003 1286 2081 XXIV.
1341 2009 1519 2081 381.
1569 2005 1839 2080 Priamo
1891 2007 2089 2082 dicit--

908 2128 1001 2224 ἠέ
1043 2156 1149 2224 πῃ
1200 2129 1582 2226 ἐκπέμπεις
1631 2124 1971 2225 κειμήλια
2021 2127 2259 2203 πολλὰ
2309 2127 2438 2204 καὶ
2487 2127 2730 2205 ἐσθλὰ

909 2229 1201 2333 ἄνδρας
1269 2233 1344 2315 ἐς
1393 2227 1908 2320 ἀλλοδαπούς,
1969 2233 2100 2308 ἵνα
2164 2260 2302 2333 περ
2366 2229 2552 2309 τάδε
2615 2259 2736 2308 τοι
2801 2228 2950 2309 σόοι

1929 2333 2213 2433 mecvm

702 2449 850 2529 Sed
902 2447 1076 2552 apud
1123 2447 1526 2547 Aeschylum
1572 2460 1795 2526 utrum
1858 2452 2234 2528 Mercurius
2282 2453 2620 2527 Priamum
2685 2478 2771 2527 ne
2816 2478 2948 2575 Ρῐο

700 2558 891 2630 hoste
939 2555 1258 2628 habeatur
1305 2561 1702 2628 metuentem
1750 2555 1851 2628 his
1901 2557 2116 2630 verbis
2168 2558 2583 2651 consoletur,
2637 2581 2724 2629 au
2776 2556 2947 2655 vigi-

625 2662 636 2672 '
701 2661 830 2754 les,
880 2659 994 2731 uhi
1044 2658 1406 2757 plaustrum
1458 2658 1806 2732 adventare
1857 2660 2184 2752 sentiunt,
2235 2660 2407 2732 inter
2456 2685 2530 2732 se
2580 2683 2965 2734 sermonem?

703 2770 1077 2855 conserant,
1131 2785 1218 2833 an
1264 2757 1515 2834 Achilli
1566 2761 1888 2860 quispiam
1935 2760 2102 2835 haec
2151 2763 2353 2855 dicat,
2406 2762 2564 2836 sciri
2605 2787 2738 2836 non
2786 2769 2947 2862 pot-

704 2875 831 2941 est.
933 2860 1281 2938 Welckeri
1332 2870 1513 2939 certe
1562 2864 2024 2939 hariolationes
2072 2890 2146 2964 Ρ.
2198 2866 2378 2939 425.
2430 2866 2690 2939 silentio
2741 2890 2946 2964 prae-

699 2969 1062 3043 termittere
1114 2968 1318 3041 satius
1370 2973 1544 3041 est.

906 3070 1269 3163 Priamum,
1321 3070 1451 3142 nisi
1497 3045 1715 3164 fallor,
1784 3077 2179 3145 metuentem
2240 3091 2326 3145 ne
2374 3071 2702 3146 foedatum
2753 3067 2946 3145 inve·

700 3175 873 3246 niret
948 3196 1216 3270 corpus
1265 3165 1425 3265 filii,
1498 3173 1961 3246 consolabatur
2033 3175 2268 3272 aliquis
2281 3226 2309 3269 ,
2385 3175 2945 3273 memorabatque,

703 3275 995 3375 quamvis
1046 3273 1400 3347 crudeliter
1448 3275 1736 3371 quotidie
1788 3300 1987 3348 curru
2052 3285 2229 3351 esset
2287 3284 2613 3376 raptatum
2629 3328 2656 3371 ,
2721 3285 2943 3350 tamen

706 3379 1005 3451 illaesum
1055 3375 1371 3449 mansisse
1423 3374 1688 3450 deorum
1741 3401 1889 3509 ope.
1993 3375 2102 3452 Eo
2152 3381 2431 3453 referam
2469 3380 2585 3452 illa
2613 3378 2943 3454 Athenaei

706 3479 806 3555 Π.
857 3506 928 3613 Ρ.
982 3480 1108 3554 51.
1166 3478 1245 3554 G.
1298 3474 1504 3580 μόρα
1554 3478 1639 3556 δὲ
1692 3477 1790 3557 τὰ
1846 3478 2224 3581 συκάμινα
2273 3483 2402 3559 καὶ
2424 3484 2599 3585 παρ’
2648 3481 2943 3583 Αἰσχύ-

704 3593 814 3685 λῳ
868 3591 950 3686 ἐν
1004 3582 1303 3683 Φρυξὶν
1355 3582 1475 3658 ἐπὶ
1522 3591 1662 3659 τοῦ
1693 3583 2087 3684 (Έκτορος,

1114 3702 1307 3804 ἀνὴρ
1361 3703 1437 3780 δ’
1490 3706 1767 3791 ἐκεῖνος
1814 3701 1907 3802 ἦν
1959 3703 2396 3807 πεπαίτερος
2443 3705 2731 3809 μόρων.

701 3839 1093 3916 Eustathius
1145 3841 1257 3914 ubi
1307 3839 1419 3940 qui
1468 3839 1780 3928 πέπονες
1830 3844 2132 3919 dicautur
2160 3846 2470 3945 explicat,
2524 3846 2741 3920 allatis
2791 3849 2943 3923 aliis

709 3970 798 4019 ex
845 3942 1189 4017 Athenaeo
1239 3970 1308 4043 Ρ.
1365 3943 1490 4020 68.
1543 3943 1640 4020 Β.
1695 3951 1822 4022 49.
1873 3944 1963 4021 F.
2033 3950 2388 4079 exemplis,
2450 3975 2521 4048 Ρ.
2575 3953 2755 4046 211,
2816 3957 2939 4027 16.

605 4051 924 4144 21060,
979 4048 1088 4140 5.)
1141 4049 1406 4121 scribit.
1483 4047 1834 4129 τοιούτου
1915 4049 2000 4128 δὲ
2079 4055 2383 4149 στοίχου
2443 4053 2575 4129 καὶ
2647 4055 2737 4131 το
2806 4085 2937 4133 πε·

706 4152 1088 4250 παίτερον,
1142 4150 1324 4251 ὅπερ
1373 4152 1575 4230 ἐστὶν
1629 4151 2134 4254 ὥριμωτερον.
2202 4153 2615 4255 Αἰσχύλος·
2691 4166 2761 4232 et
2809 4183 2941 4259 ap-

703 4255 890 4354 ponit
938 4254 1234 4328 eumdem
1285 4279 1568 4331 versum.
1672 4256 1973 4362 Sumpsit
2034 4256 2401 4358 Aeschylus
2465 4260 2631 4335 haec
2723 4287 2939 4362 noque

706 4377 794 4431 ex
843 4356 1118 4432 Homeri
1181 4359 1510 4453 carmine,
1560 4355 1732 4459 apud
1797 4386 1988 4458 quem
2050 4362 2427 4438 Mercurius
2490 4365 2606 4437 illa
2668 4288 2789 4440 gri
2730 4367 2936 4443 riano

706 4461 975 4561 copiose
1024 4462 1296 4563 exponit
1343 4488 1416 4538 v.-
1460 4466 1896 4540 Aul—423.
