3275 5317
708 453 799 536 1ss
1508 453 1634 519 DE
1675 451 2167 520 AnscnYm

911 614 1112 692 Hand
1159 616 1432 693 multum
1478 637 1526 692 a
1570 639 1730 693 vero
1777 640 1887 692 me
1933 601 2242 691 aberrare
2268 622 2456 715 puto,
2507 614 2570 690 si
2597 614 2944 694 coniiciam

705 719 1019 797 nuncium
1066 722 1374 820 aliquem,
1425 721 1563 796 sive
1611 717 1797 794 illum
1843 728 2079 820 sponte
2104 718 2578 814 advenientem,
2630 721 2766 796 sive
2815 746 2946 797 ex-

705 825 1006 925 plorandi
1054 847 1294 900 caussa
1343 823 1425 898 ab
1462 822 1791 922 Lycurgo
1843 826 2114 898 missum
2128 875 2155 918 ,
2205 821 2453 897 referre
2503 847 2740 922 quam
2739 823 2943 899 mirus

704 928 1072 1028 irrupisset
1099 929 1491 1003 advenarum
1541 930 1900 1003 exercitus.
2012 925 2122 1001 Eo
2171 927 2466 1001 adducor
2511 927 2726 1001 verbis
2779 948 2947 1025 qnae

705 1040 983 1108 servata⁴
1017 1040 1170 1106 sunt
1219 1056 1262 1105 a
1284 1032 1663 1106 *scholiasta
1689 1031 1964 1106 Homeri
2005 1031 2093 1104 ad
2135 1028 2522 1105 fliad.1x.
2573 1030 2757 1105 535.
2807 1030 2947 1106 sive

705 1136 887 1212 539.
938 1136 1044 1210 ed.
1096 1134 1317 1210 Bekk.
1418 1134 1492 1209 Is
1541 1136 1643 1210 sic
1693 1136 1960 1209 scribit.
2003 1128 2368 1231 χλούνην,
2422 1135 2495 1208 οἳ
2541 1131 2688 1232 μὲν
2714 1135 2949 1235 ἄφρι-

707 1236 914 1336 στήν.
961 1237 1318 1335 χλουὸεῒν
1365 1238 1519 1343 γὰρ
1570 1238 1659 1315 τὸ
1715 1238 2065 1341 οἷφρίζειν
2113 1236 2313 1323 τινὲς
2362 1239 2726 1337 Δωριέων
2792 1240 2949 1313 ἐλε-

699 1363 881 1450 γον·
936 1343 1149 1419 ἄλλοι
1198 1339 1283 1419 δε
1334 1350 1798 1477 κακοῦργον·
1851 1343 1981 1419 καὶ
2023 1341 2177 1446 γὰρ
2207 1350 2368 1418 τῶν
2392 1340 2733 1440 αρχαίων
2766 1346 2948 1441 ἰαμ-

697 1448 1045 1548 βοποιῶν
1094 1445 1272 1525 τινὰ
1324 1441 1592 1579 φαναι,
1647 1445 1845 1546 ἀνὴρ
1899 1446 2023 1524 ὁδ’
2096 1444 2403 1546 ἑσπέρης
2451 1441 2952 1534 καθεύδοντα

700 1552 954 1628 ἄπουν
1007 1548 1224 1646 ἔδησε
1267 1545 1625 1647 χλούνην.
1755 1555 2219 1649 Ξενοφῶντα
2285 1547 2371 1626 δὲ
2423 1551 2639 1682 γένος
2687 1578 2765 1624 τι
2807 1548 2953 1625 Ἰν-

700 1652 868 1734 δῶν
917 1649 1155 1754 φαναι
1202 1653 1341 1730 τὸν
1383 1649 1722 1751 χλούνην
1773 1654 1991 1742 εἶναι,
2044 1648 2396 1752 καθάπερ
2428 1653 2557 1730 και
2590 1652 2766 1752 παρ’
2802 1657 2954 1729 Az-
3026 1664 3030 1669 ’

703 1755 954 1857 σχύλῳ
1006 1760 1092 1834 ἐν
1131 1757 1524 1845 Ηὸωνοῖς,
1575 1756 2089 1856 μακροσκελὴς
2138 1754 2283 1853 μὲν
2315 1757 2579 1855 ἄραμοι
2619 1751 2954 1853 χλούνης

697 1858 933 1959 τιςῇ.
1051 1855 1444 1935 Eustathius
1507 1884 1582 1959 Ρ.
1636 1862 1816 1952 772,
1884 1857 2010 1932 53.
2080 1856 2200 1933 ὅτι
2267 1856 2353 1934 δὲ
2405 1860 2536 1935 καὶ
2586 1858 2955 1956 ἐκτομίαν

699 1964 742 2041 ὃ
788 1958 1117 2062 χλούνης
1167 1963 1414 2059 δηλοῖ,
1467 1963 1561 2038 οὐ
1612 1958 1860 2093 μόνον
1886 1955 2267 2058 Αἰσχύλος
2317 1960 2599 2039 δίδωσι
2641 1972 2953 2062 χρῆσιν,

698 2066 889 2146 ἀλλὰ
944 2068 1075 2145 καὶ
1137 2063 1506 2150 Αὶλιανος
1569 2061 1903 2197 μάλιστα
1978 2067 2062 2142 ἐν
2127 2070 2287 2149 τοῖς
2349 2067 2523 2167 περὶ
2586 2063 2955 2163 προνοίας

687 2168 1029 2303 χλούνην
1097 2169 1336 2273 λέγων
1401 2167 1542 2246 τὸν
1609 2163 2041 2248 ἅπόκοπον·
2108 2167 2238 2243 καὶ
2280 2168 2800 2299 Ἀριστοτέλης
2869 2166 2955 2246 δὲ

698 2273 899 2352 κατὰ
946 2271 1088 2351 τον
1136 2267 1592 2394 γεωγροίφον
1632 2268 1969 2369 χλούνην
2023 2279 2170 2347 σῦν
2219 2270 2360 2347 τὸν
2402 2271 2680 2369 τομίαν
2734 2273 2954 2375 λέγει.

651 2376 876 2456 oEam
925 2376 1535 2476 interpretationem
1584 2399 1857 2474 prorsus
1906 2373 2224 2448 reiectam
2271 2382 2501 2449 narrat
2547 2373 2631 2449 ab
2671 2371 2958 2450 Aristo-

744 2481 913 2555 hane
962 2476 2054 2579 grammatico.1ambographus,
2105 2476 2295 2553 cuius
2320 2479 2717 2554 mentionem
2750 2478 2958 2554 scho-

696 2504 926 2661 flantes
973 2585 1160 2680 facit,
1212 2584 1606 2683 scripserat·

1422 2718 1676 2821 ἄνδρα
1727 2718 1811 2796 <5³
1866 2714 2214 2821 ἕσπερης
2220 2714 2713 2801 καθεύδοντα

1006 2819 1137 2901 ἀπ’
1190 2819 1335 2903 οὖν
1387 2824 1607 2900 ῗέὃυσε
1649 2831 1982 2921 χλοῦνις.

697 2958 876 3038 Nam
925 2961 1092 3038 haec
1143 2985 1401 3062 quoque
1449 2960 1663 3038 forma
1709 2961 2038 3036 videtur
2016 2988 2088 3035 m
2134 2986 2263 3036 usu
2304 2959 2537 3055 fuisse,
2588 2959 2700 3034 cui
2728 2965 2955 3034 tamen

699 3090 914 3176 neque
964 3090 1052 3140 ex
1105 3064 1378 3140 Orionis
1430 3062 1765 3164 excerptis
1814 3063 2274 3162 Etymologico
2329 3061 2640 3138 Gudiano
2707 3059 2955 3134 additis

698 3193 773 3270 Ρ.
843 3171 1202 3261 617,18.
1268 3193 1478 3265 neque
1546 3192 1634 3241 cx
1698 3168 2053 3241 scholiasta
2114 3166 2427 3263 Aeschyli
2505 3165 2591 3238 ad
2655 3161 2953 3236 Eumen.

709 3274 883 3347 188.
933 3271 1048 3344 ubi
1099 3269 1362 3362 codices
1406 3266 1733 3366 χλούνης
1763 3269 2029 3361 habent,
2081 3268 2476 3366 praesidium
2516 3275 2779 3365 petam·
2832 3262 2959 3336 sed

701 3374 1082 3460 femininum
1137 3382 1445 3470 χλοῦνις
1509 3374 1640 3446 isto
1720 3372 1794 3444 in
1862 3369 2306 3443 Eumenidum
2370 3371 2521 3444 loco
2589 3366 2956 3443 castratio-

698 3503 856 3560 nem
905 3475 1234 3574 significat
1244 3477 1343 3573 ³⁸).
1443 3476 1830 3551 Edonorum
1872 3475 2306 3572 fragmentum
2349 3473 2733 3570 Biittigerus
2785 3469 2955 3542 atti·-

701 3580 802 3678 git
847 3581 921 3654 in
968 3579 1260 3655 Picturis
1311 3604 1617 3653 vasorum
1665 3579 1796 3652 vol.
1847 3576 1911 3651 Ι.
1962 3586 2151 3677 parte
2199 3575 2334 3649 ΙΠ.
2385 3602 2457 3675 Ρ.
2513 3583 2549 3648 l
2566 3580 2684 3650 10.
2738 3592 2953 3667 aeque

699 3684 775 3765 in
825 3681 1228 3757 Centaurum
1279 3691 1472 3780 atque
1521 3683 1592 3754 in
1644 3679 1955 3777 Satyrum
2006 3679 2325 3778 quadrare
2388 3680 2639 3753 dicens.
2742 3670 2955 3746 wel-

704 3785 944 3861 okerus
1009 3787 1082 3860 in
1148 3787 1457 3883 Trilogia
1518 3809 1587 3884 Ρ.
1657 3789 1835 3859 321.
1920 3784 2152 3858 scribit
2230 3779 2741 3883 μακροσκελὴς
2804 3770 2956 3903 μὲν

704 3885 860 3990 ἆρα
908 3889 1040 3967 καὶ
1080 3886 1406 4011 χλούνης
1454 3918 1568 3974 τις
1621 3887 1710 3979 εἶ,
1759 3887 2103 3962 Bacchum
2152 3911 2233 3960 eo
2299 3884 2672 3983 significatu
2713 3872 2956 3978 χλού-

703 4021 853 4092 νην
915 3993 1053 4069 dici
1113 3992 1497 4069 existimans
1508 4045 1536 4089 ,
1604 4017 1735 4093 quo
1799 3992 1931 4067 hoc
2008 3989 2396 4065 vocabulum
2459 4014 2613 4110 cum
2677 3979 2955 4092 γύννις

880 4369 942 4451 *)
985 4369 1090 4431 Ille
1128 4367 1289 4432 locus
1332 4378 1527 4432 tamen
1567 4370 1783 4431 multae
1823 4365 2162 4430 dubitationi
2199 4369 2489 4449 expositus
2532 4374 2650 4430 est:
2724 4361 2955 4423 dicetur

711 4457 788 4517 de
828 4476 901 4517 eo
943 4457 1094 4518 infra
1130 4457 1193 4518 in
1231 4470 1474 4520 censura
1513 4456 1894 4520 Emesam
1931 4458 2010 4517 ab
2049 4458 2128 4524 0.
2157 4455 2430 4519 *Manem-
2459 4455 2764 4517 editamm.
