3275 5317
706 1391 752 1461 3

1795 1406 1917 1471 DE

1006 1517 2711 1685 EPIGRAMMATIS

754 1760 1965 1882 QVIBVSDAM
2092 1757 2983 1856 GRAECIS

1466 1984 2141 2064 mssER‘rA'rlo
2156 1983 2256 2085 ἡ.

751 2401 859 2510 Ῑιι
898 2435 1193 2534 Corpore
1232 2431 1744 2533 Inscriptionum
1780 2432 2226 2529 Graecarum,
2279 2436 2453 2536 quod
2476 2436 2779 2513 Berolini
2801 2435 2980 2512 Aca-

754 2540 1005 2613 demiae
1068 2538 1434 2610 litterarum
1497 2537 1751 2635 Regiae
1814 2538 2156 2660 impensis
2195 2539 2448 2633 editur,
2518 2542 2981 2640 epigrammata

635 2644 640 2649 ’
752 2642 1167 2715 inveniuntur
1214 2664 1345 2713 non
1394 2663 1632 2738 panca,
1687 2664 1853 2738 quae
1905 2642 2193 2738 quamvis
2243 2643 2471 2716 mutila
2519 2643 2663 2718 fere
2714 2652 2782 2718 et
2830 2667 2978 2718 cor-

755 2752 951 2844 rupta
1001 2745 1155 2839 sint,
1206 2751 1425 2817 tamen
1474 2743 1649 2817 haud
1699 2745 2167 2818 contemnenda
2215 2721 2518 2843 antiquae
2567 2748 2793 2846 poesis
2838 2769 2977 2817 mo-

752 2855 1061 2922 numenta
1124 2871 1271 2921 esse
1337 2847 1700 2920 videantur.
1818 2845 2071 2920 Eorum
2151 2848 2531 2945 quibusdam
2598 2875 2802 2949 quum
2864 2869 2977 2944 ego

753 2976 988 3025 novam
1038 2950 1464 3023 adhibendam
1515 2975 1662 3024 esse
1713 2973 1939 3024 curam
1990 2950 2354 3024 existimem
2369 3003 2395 3044 ,
2450 2951 2607 3025 data
2656 2947 2976 3026 scribendi

755 3055 1237 3153 opportunitate
1287 3077 1467 3126 meas
1532 3054 1614 3126 de
1663 3053 1747 3125 iis
1797 3053 2210 3127 coniecturas
2274 3054 2423 3127 volo
2490 3080 2643 3128 cum
2705 3050 2978 3128 bomini-

750 3158 874 3229 bus
941 3156 1153 3229 doctis
1220 3155 1724 3228 communicare.
1862 3155 2268 3254 Quamquam
2337 3157 2509 3230 enim
2573 3158 2719 3233 scio
2785 3154 2976 3229 multa

754 3260 826 3329 in
873 3257 1001 3331 boc
1049 3281 1289 3353 genere
1353 3257 1539 3329 valde
1603 3258 1799 3330 dubia
1863 3282 2009 3331 6336
2075 3266 2269 3357 atque
2333 3259 2627 3354 incerta,
2679 3261 2749 3332 in
2813 3280 2974 3331 non-

753 3359 950 3432 nullis
1002 3368 1245 3453 autem,
1295 3359 1422 3430 nisi
1473 3359 1647 3455 quod
1697 3384 1738 3431 a
1788 3360 2178 3434 divinatione
2226 3370 2530 3460 petatur,
2609 3363 2771 3435 nihil
2835 3379 2972 3433 6336

756 3462 984 3536 auxilii
1030 3463 1368 3536 relictum.
1348 3488 1369 3507 ·
1421 3470 1664 3555 tamen,
1719 3463 1777 3534 si
1826 3463 1970 3561 quis
2022 3489 2153 3537 non
2203 3473 2446 3539 temere
2495 3491 2623 3541 nec
2647 3466 2787 3540 sine
2814 3484 2972 3537 con-

757 3566 904 3639 silio
955 3565 1292 3663 procedat,
1345 3589 1543 3685 saepe
1594 3565 1699 3637 vel
1749 3590 1902 3638 vera
1951 3567 2055 3639 vel
2093 3569 2395 3665 proxima
2445 3569 2640 3663 veris,
2693 3574 2806 3640 aut
2840 3561 2972 3636 sal-

754 3678 889 3746 tem
934 3667 1294 3767 probabilia
1360 3668 1502 3739 erui
1563 3693 1758 3766 posse
1823 3694 2020 3766 quum
2080 3694 2201 3768 per
2249 3695 2322 3742 se
2369 3671 2789 3769 intelligitur,
2839 3673 2969 3738 tum

758 3769 1074 3868 exemplis
1123 3770 1653 3843 luculentissimis
1707 3778 1773 3845 et
1822 3771 1935 3844 alii
1985 3772 2345 3847 docuerunt
2373 3799 2503 3847 non
2534 3774 2733 3873 pauci
2761 3766 2969 3844 homi-

758 3898 877 3946 nes
926 3873 1221 3965 litterati,
1298 3880 1365 3945 et
1415 3898 1536 3969 ego
1585 3873 1730 3971 ipse
1778 3874 1849 3946 in
1910 3874 1994 3947 iis
2056 3871 2281 3949 videor
2344 3878 2705 3951 ostendisse
2719 3928 2745 3970 ,
2810 3890 2967 3969 quae

758 3978 842 4050 «le
891 3974 1419 4073 inscriptionibus
1471 3977 1850 4072 quibusdam
1900 4002 1939 4050 a
1987 3975 2109 4052 Fr.
2155 3971 2302 4052 Th.
2353 3980 2714 4053 Welckero
2759 3969 2966 4070 expli·

619 4097 622 4100 “
759 4079 926 4152 catis
975 4077 1275 4152 disserui.
1375 4076 1590 4151 Video
1643 4080 1900 4176 quidem
1946 4080 2118 4154 banc
2167 4081 2541 4156 facultatem
2606 4106 2649 4155 a
2698 4099 2800 4153 me
2848 4073 2963 4146 ab·

756 4182 1107 4255 iudicatam
1158 4205 1303 4255 6336
1352 4180 1454 4254 1ιὶ3
1504 4181 1716 4254 verbis
1764 4183 1836 4254 in
1906 4181 2217 4282 Corporis
2281 4182 2784 4288 Inscriptionum
2848 4198 2962 4251 vo·

923 4436 989 4515 *)
1021 4411 1202 4501 'Edita
1245 4446 1331 4502 est
1374 4460 1424 4506 a.
1471 4443 1655 4507 1833.
