3275 5317
735 1381 783 1450 3
1842 1369 1965 1432 DE

781 1549 1948 1641 FRAGMENTIS
2070 1548 3011 1642 POETARVM

1244 1768 1354 1836 1N
1409 1766 1921 1837 sel-Ionas
1981 1769 2573 1841 vA‘rmAle

934 1956 1074 2032 An
1135 1955 1637 2035 nvnn'mls
1710 1956 2184 2035 TRoAnns
2247 1932 2404 2035 nr‘
2449 1956 2864 2038 ψειΗιῑιενΜ

1500 2160 2293 2226 DISSERTATIO.

1686 2396 2098 2407 ———---—--—-——-

777 2556 1166 2667 Indicenda
1212 2601 1368 2666 sunt
1412 2592 1687 2691 antiquo
1752 2591 2052 2668 instituto
2118 2582 2310 2667 liuius
2371 2592 2787 2669 litterarum
2848 2590 3007 2667 vni-

780 2696 1107 2771 versitatis
1157 2696 1512 2795 colloquia,
1564 2696 1800 2795 quibus
1847 2697 1964 2797 qui
2011 2697 2372 2796 magisterii
2433 2699 2719 2773 honores
2767 2695 3006 2771 anatis

782 2798 1134 2874 Candidati
1179 2799 1654 2895 humanissimi,
1705 2801 2026 2876 rationem
2074 2801 2351 2875 reddere
2401 2801 2696 2878 debeatis
2768 2799 3005 2875 studio-

780 2928 926 2976 rum
975 2908 1380 2998 vestrorum,
1447 2904 1933 3003 speciminaque
2000 2905 2308 2981 exhibere
2373 2929 2616 3004 operae
2668 2908 2738 2978 in
2787 2900 3003 2977 litteris

781 3006 1172 3102 collocatae,
1225 3007 1458 3106 quibus
1509 3007 1689 3105 dlgni
1747 3008 2163 3107 reperiamini
2227 3032 2391 3105 quos
2458 3005 2651 3084 Ordo
2715 3006 3006 3079 Philoso-
3163 3006 3166 3011 ’
3205 3040 3214 3051 ·

779 3110 1059 3209 phorum
1119 3110 1249 3183 rite
1311 3110 1534 3184 iubeat
1595 3111 1944 3208 magistros
1996 3112 2232 3185 artium
2295 3110 2663 3184 liberalium
2728 3108 3005 3210 philoso-

779 3211 1101 3311 phiaeque
1151 3211 1456 3286 doctores
1504 3213 1850 3312 appellari.
1950 3211 2161 3288 Scitis
2212 3222 2431 3286 autem
2479 3213 2563 3286 iis
2591 3216 2770 3288 hunc
2807 3212 3004 3283 hono-

780 3338 921 3388 rem
969 3315 1331 3413 praemium
1381 3338 1528 3389 esse
1574 3315 1981 3414 propositum
1995 3367 2022 3410 ,
2091 3317 2204 3414 qui
2253 3316 2486 3389 studiis
2532 3317 2891 3394 litterarum
2920 3311 3006 3383 ita

785 3414 1065 3491 formati*
1099 3417 1257 3513 sint,
1308 3425 1385 3493 ut
1435 3425 1503 3492 et
1551 3417 1983 3494 instrumenta
2044 3419 2333 3492 liberalis
2401 3420 2740 3493 doctrinae
2788 3416 3005 3490 idonea

782 3520 1187 3620 possideant,
1240 3528 1309 3596 et
1352 3528 1541 3596 recte
1588 3521 1673 3594 iis
1708 3521 2165 3621 sapienterque
2192 3523 2294 3595 uti
2357 3520 2730 3599 didicerint.
2841 3514 3004 3591 Nam

785 3624 1088 3698 doctrina
1136 3624 1430 3723 quamvis
1480 3649 1718 3722 magna
1765 3626 1907 3699 sine
1954 3632 2141 3699 recto
2207 3626 2444 3699 mentis
2506 3626 2752 3702 iudicio
2816 3638 3006 3697 caeca

789 3734 857 3800 et
902 3726 1081 3800 iners
1133 3735 1260 3822 est,
1310 3749 1437 3800 nec
1484 3728 1835 3802 memoriae
1879 3729 2086 3802 multa
2133 3728 2477 3803 mandasse
2525 3730 2690 3806 facit
2751 3733 2825 3800 ut
2869 3720 3002 3821 quis
3145 3808 3154 3815 ι

789 3853 913 3928 pro
964 3828 1219 3906 erudito
1270 3830 1498 3904 haberi
1544 3831 1780 3931 possit,
1832 3832 1961 3905 nisi
2013 3831 2325 3929 cogitatio
2392 3833 2703 3926 accedat,
2767 3830 2838 3901 in
2886 3844 3003 3924 qua

790 3932 890 4006 vis
941 3931 1218 4031 denique
1269 3935 1478 4007 omnis
1529 3943 1725 4032 atque
1773 3936 2021 4009 utilitas
2070 3941 2370 4008 versatur
2419 3935 2776 4009 scientiae.·
2821 3923 3003 4024 Quod

790 4035 918 4110 etsi
966 4059 1159 4111 nemo
1212 4045 1315 4110 est
1364 4038 1521 4135 quin
1569 4063 1795 4111 verum
1845 4060 1991 4111 esse
2042 4037 2349 4132 fateatur,
2401 4046 2622 4112 tamen
2662 4035 2893 4110 multos
2937 4026 2999 4099 id

788 4138 1009 4233 hodie,
1063 4139 1272 4215 seculi
1320 4141 1610 4214 moribus
1661 4142 1965 4240 abreptos
1978 4192 2005 4235 ,
2055 4142 2125 4212 in
2177 4140 2324 4239 ipso
2376 4166 2577 4241 opere
2625 4137 3000 4214 obliviscen-

787 4249 892 4315 tes
942 4242 1506 4342 deprehendimus.
1614 4243 1836 4337 Quum
1902 4244 2075 4318 enim
2125 4241 2461 4317 doctrinae
2530 4267 2751 4317 omnes
2768 4291 2793 4332 ,
2858 4255 2997 4308 cre-

628 4420 634 4426 ,
784 4352 1015 4424 ‚scente
1063 4347 1135 4430 in
1186 4346 1328 4419 dies
1377 4345 1688 4420 materiae
1739 4345 1957 4445 copia,
2007 4353 2262 4420 tantum
2325 4346 2620 4445 ceperint
2680 4340 2994 4425 ambitum,

788 4456 864 4530 ut
912 4446 1024 4532 vix
1058 4470 1271 4561 ⁴unam
1322 4449 1629 4547 aliquam,
1682 4449 1920 4535 nedum
1970 4450 2208 4534 multas
2221 4502 2248 4553 ,
2301 4473 2470 4537 unus
2519 4450 2710 4536 homo
2760 4441 2996 4533 exhau-
