3275 5317
882 466 1441 545 vavsDAM
1483 469 1918 538 GRAECIS.
2398 468 2526 539 178

296 628 366 705 N
363 654 458 705 on
505 653 675 730 opus
724 629 977 705 videtur
1036 638 1115 705 ut
1175 630 1259 706 «le
1318 631 1591 730 singulis
1652 631 1893 707 «licam.
2007 628 2179 705 Illud
2227 642 2528 732 apertum

297 742 426 827 est,
479 737 675 809 θεοῦ
727 760 789 807 v.
850 737 969 807 16.
1020 759 1154 808 non
1204 759 1350 808 esse
1399 760 1548 809 cum
1594 732 1940 834 καμάτου
1983 735 2523 833 coniungendam,

296 837 416 910 sed
470 836 922 935 accipiendum
972 835 1055 910 de
1102 835 1391 914 Paeane.
1504 834 1615 912 Ac
1665 839 1943 913 fortasse
1990 838 2293 938 lapidarii
2340 862 2527 914 error

294 948 399 1013 est
453 936 827 1038 καμάτου,
875 947 1074 1038 poeta
1124 947 1366 1033 antem,
1415 947 1492 1014 ut
1537 966 1604 1015 v·
1664 947 1701 1014 l
1716 946 1786 1015 1.
1834 941 2153 1041 pluralem
2189 948 2529 1041 posuerat.

290 1040 660 1171 Lapidario
714 1041 909 1115 etiam
957 1068 1022 1115 v.
1078 1045 1202 1116 20.
1256 1038 1571 1140 ἰώμενος
1632 1044 2079 1142 imputandum
2141 1053 2302 1142 puto
2316 1096 2343 1137 ,
2409 1068 2533 1143 pro
2678 1109 2683 1114 .

291 1170 423 1243 quo
484 1141 750 1240 ἲιόμενε
802 1144 1062 1242 scripsi.
1166 1142 1291 1218 Sic
1342 1146 1517 1219 enim
1567 1147 1934 1244 oportebat,
1986 1145 2534 1244 confirmaturque

289 1271 493 1322 versu
546 1252 672 1321 31.
775 1244 930 1320 Alio
982 1247 1176 1320 modo
1225 1255 1664 1377 peccatumv.
1696 1252 1821 1322 21.
1871 1249 2530 1337 inIIAIZTEEY,

292 1350 474 1448 quod
526 1374 674 1423 esse
725 1348 1002 1423 debebat
1049 1348 1289 1439 παῖζε,
1344 1350 1499 1425 ἐπει
1547 1345 1665 1427 σύ.
1743 1348 1824 1423 Id
1825 1374 1951 1449 que
1997 1349 2213 1449 posui.
2310 1349 2531 1449 Turpi

288 1461 516 1526 autem
569 1475 791 1526 errore
840 1477 905 1524 v.
961 1448 1088 1525 25.
1165 1452 1236 1522 ἰιι
1285 1451 1504 1550 lapide
1567 1377 1868 1527 verbumq
1900 1462 2003 1526 est
2048 1455 2244 1552 plane
2294 1451 2530 1525 absur-

287 1556 449 1628 dum
503 1550 1062 1653 ἇλεξιχόροισιν.
1189 1549 1285 1628 V.
1337 1558 1463 1627 29.
1542 1579 1676 1627 non
1742 1555 1996 1628 videtur
2072 1554 2154 1628 «le
2230 1554 2399 1628 febri
2447 1555 2532 1627 ab

286 1656 805 1734 Atheniensibus
857 1655 1129 1754 depulsa
1190 1680 1407 1729 sermo
1478 1681 1624 1729 esse
1638 1708 1666 1749 ,
1736 1667 1932 1753 quam
1996 1657 2131 1730 dici
2193 1657 2537 1755 oportebat

284 1756 1906 1960 wgwfflqgafffflffimagffi
1951 1759 2536 1948 “fftffissffbzeffi

285 1987 550 2066 quoque
600 1964 848 2038 salvum
897 1970 1025 2035 est.

497 2064 613 2142 Ob
570 2068 878 2141 bscurum
928 2089 1075 2138 esse
1125 2064 1334 2139 visum
1385 2071 1488 2139 est
1534 2064 1657 2139 Fr.
1707 2063 2010 2140 Iacobsio
2053 2065 2328 2165 aliisque
2377 2063 2531 2166 epi-

286 2194 586 2273 gramma
634 2169 807 2267 quod
853 2168 1195 2267 inscriptio
1244 2170 1423 2242 428.
1474 2194 1546 2267 p.
1576 2166 1758 2243 456.
1798 2170 2092 2268 praebet.
2144 2168 2230 2242 In
2278 2194 2359 2244 eo
2407 2169 2531 2243 Ia-

288 2275 556 2350 cobsius
622 2279 803 2346 recte
865 2271 1028 2345 vidit
1091 2278 1212 2349 Ea.
1172 2272 1518 2348 “HZEN
1580 2272 1959 2345 mutandum
2022 2295 2169 2346 esse
2230 2273 2301 2345 in
2367 2268 2531 2369 ἐξή-

286 2403 500 2457 νυσε.
604 2372 780 2447 Nam
846 2374 992 2471 quis
1039 2371 1313 2446 idoneus
1362 2374 1551 2448 testis
1629 2381 1774 2468 est,
1849 2381 2032 2450 recte
2104 2375 2315 2450 lectas
2381 2399 2530 2449 esse

288 2483 547 2556 litteras
599 2499 766 2575 qnae
816 2482 971 2550 sunt
1017 2475 1088 2547 in
1135 2476 1353 2574 lapide
1369 2470 1408 2550 Ρ
1460 2484 1530 2550 et
1577 2477 1638 2549 si
1691 2485 1843 2550 sunt
1889 2476 2043 2552 illac
2092 2477 2304 2577 ipsae,
2358 2502 2528 2577 quae

291 2607 437 2658 esse
488 2578 857 2711 uaduntur,
911 2578 1055 2676 quis
1105 2603 1239 2652 non
1287 2579 1549 2677 culpam
1594 2580 1668 2651 in
1716 2578 2105 2678 lapidarium
2161 2581 2527 2681 coniicere,

292 2712 488 2786 quam
540 2685 846 2779 εστησεν
918 2681 1260 2755 scribendo
1328 2682 1521 2754 simul
1585 2690 1654 2754 et
1701 2680 2045 2762 emendare
2096 2706 2384 2758 errorem
2417 2684 2529 2755 la·-

291 2787 531 2889 pidarii
569 2794 640 2859 et
687 2809 1107 2882 corrumpere
1155 2809 1414 2857 versum
1463 2791 1699 2883 poetae
1748 2778 1998 2857 malet?
2099 2781 2198 2857 Et
2223 2783 2524 2917 lapidarii
2561 2856 2565 2860 .

292 2888 762 3021 indiligentiam
840 2888 1124 2985 produnt
1188 2887 1387 2960 etiam
1446 2887 1601 2980 illa,
1684 2884 2004 2984 ἀκμῆτες
2068 2887 2298 2984 ῥέξειν
2361 2885 2519 2964 πεί·

295 3024 491 3092 ρατα
541 2988 795 3068 πάντα
842 2991 1131 3086 τέχνας,
1184 3012 1350 3087 quae
1396 2995 1581 3087 patet
1625 3012 1760 3061 non
1809 2988 2101 3087 potuisse
2125 2989 2226 3064 sic
2257 3013 2302 3064 a
2347 3014 2515 3121 poc-

293 3107 401 3172 tae
449 3117 653 3170 manu
704 3091 1061 3193 proficisci.
1161 3090 1394 3190 Neque
1443 3115 1599 3165 vcro
1651 3099 1767 3164 aut
1828 3092 1905 3188 ῤ’
1974 3092 2165 3177 ἕξειν
2228 3101 2345 3168 aut
2389 3089 2551 3191 (inst--
2686 3101 2691 3110 “

296 3206 446 3288 ξειν
520 3197 722 3273 scribi
765 3204 1035 3297 potest.
1164 3192 1291 3268 Sic
1364 3193 1568 3269 incidi
1629 3193 1854 3269 debuit
1915 3195 2118 3362 lapidi
2179 3194 2308 3272 hoc
2373 3195 2532 3299 epi-

489 3326 858 3505 ’Ξμφίων
903 3398 1224 3503 μούσαις
1273 3398 1600 3503 κιθαρης
1650 3399 1953 3501 ἐξήνυσε
2012 3398 2269 3534 Θήβης

603 3507 878 3605 τείχεα·
932 3515 1082 3585 νῦν
1131 3505 1215 3582 δ’
1270 3506 1376 3582 ἐπ’
1428 3509 1615 3604 ἒιιᾶς
1664 3506 2028 3640 πατρίδος
2067 3502 2417 3606 Ιλλύριος

504 3608 887 3715 ἄδύλογον
936 3618 1240 3742 μοῦσαν
1286 3611 1635 3710 μεθέπω·
1687 3618 1799 3742 τῷ
1846 3608 1979 3686 καὶ
2024 3608 2420 3688 δοκέουσιν

604 3714 888 3813 einim&
942 3710 1269 3810 ἑστήξειν
1316 3712 1633 3813 πείρατα
1681 3710 1934 3791 πάντα
1983 3714 2267 3810 τέχνας

303 3816 614 3916 Quisquis
663 3817 790 3893 iste
837 3816 1099 3913 Illyrius
1146 3817 1271 3889 fuit
1288 3868 1315 3909 ,
1384 3824 1717 3890 cantorem
1779 3816 1982 3890 fuisse
2031 3821 2344 3916 apparet,
2410 3813 2518 3913 qui

303 3921 750 3996 caementariis
816 3920 1072 3994 moenia
1132 3920 1312 3992 urbis
1376 3920 1858 3993 exstruentibus
1923 3920 2238 4013 canebat,
2316 3940 2522 4015 eoque

305 4033 498 4099 cantu
547 4049 663 4098 eos
713 4023 799 4097 ad
848 4048 1011 4122 opus
1060 4030 1323 4095 strenue
1355 4021 1722 4096 faciendum
1763 4022 2114 4096 excitabat.
2210 4018 2517 4118 'Amet'

308 4151 379 4201 eo
427 4127 747 4227 scriptum
796 4135 923 4220 est,
988 4126 1161 4224 quod
1224 4126 1362 4199 fere
1423 4126 1746 4225 spiritum
1788 4150 2089 4225 asperum
2099 4172 2127 4219 ‚
2192 4130 2268 4197 ut
2328 4120 2520 4195 hodie

309 4254 581 4330 quoque,
628 4231 700 4303 in
747 4227 1234 4327 pronunciando
1284 4229 1720 4327 negligebant.

504 4332 587 4407 In
652 4332 939 4407 secundo
990 4331 1313 4408 volumine
1361 4358 1434 4432 p.
1488 4335 1615 4408 34.
1679 4329 2021 4430 inscriptio
2101 4329 2326 4407 1897.
2390 4326 2518 4402 boc

313 4435 492 4513 modo
541 4434 926 4536 corrigenda
973 4442 1111 4510 est.
