3275 5317
710 457 839 527 loo
1590 454 2050 520 SCHOLAE

713 622 904 715 Quae
952 625 1335 719 sequuntur,
1387 615 1763 692 Meinekius
1814 617 1914 692 sic
1965 615 2237 690 ediditz·

1537 752 1794 830 ἀκούω
1838 762 2101 853 χρῆμα
2152 750 2387 831 καλόν
2436 784 2510 831 τι

923 867 1218 991 κοσμῇν
1265 858 1413 936 τάν
1459 857 1957 959 βασίλισσαν·
2013 860 2096 934 ἐν
2148 855 2385 955 ὀλβία)
2419 860 2647 957 ὄλβια
2687 853 2953 936 πάντα.

928 970 1034 1041 Π.
1106 993 1219 1041 ων
1282 960 1437 1047 ἰ’δες
1500 957 1612 1039 ὧν
1678 966 1917 1046 εἴπαις
1977 988 2112 1140 ἷζεν
2179 961 2431 1038 ἰδοῖσα
2512 961 2611 1038 τύ
2689 971 2803 1062 τῷ
2860 962 2958 1059 μὴ

1947 1069 1976 1139 ἶ
2029 1061 2217 1141 όντι.

927 1177 1013 1246 Γ.
1069 1170 1320 1270 ἕρπειν
1371 1166 1537 1266 ὥρα
1587 1169 1653 1244 κ’
1707 1172 1851 1263 εἴη·
1908 1168 2203 1272 οἷέργοις
2254 1165 2419 1244 αἰὲν
2470 1163 2722 1269 ἑορτά.

724 1306 945 1412 Vulgo
995 1304 1148 1399 illa,
1214 1309 1298 1382 ἐν
1348 1302 1584 1402 ὀλβία)
1637 1306 1861 1402 ὄλβια
1912 1302 2205 1394 πάντα,
2269 1304 2648 1379 Praxinoae
2674 1371 2691 1386 ,
2717 1304 2963 1379 tribue·

719 1414 980 1486 bantur.
1081 1409 1318 1483 Vtrius
1369 1408 1659 1480 mulieris
1711 1409 1866 1501 sint,
1923 1409 2202 1483 dubitari
2234 1416 2485 1509 potest:
2540 1409 2661 1482 sed
2691 1409 2810 1506 qui¹
2855 1433 2964 1481 se-

725 1516 945 1613 quitur
995 1537 1222 1586 versus
1273 1520 1409 1585 tam
1460 1519 1687 1609 aperte
1741 1509 2076 1610 Gorgonis
2129 1519 2271 1606 est,
2304 1520 2414 1585 ⁴ut
2463 1511 2834 1584 mirandum
2881 1512 2964 1585 sit

723 1618 1017 1717 potuisse
1055 1616 1137 1704 ,id
1185 1639 1378 1689 secus
1430 1638 1577 1687 esse
1625 1615 1858 1687 videri.
1973 1613 2092 1688 Ex
2142 1640 2270 1712 quo
2338 1615 2672 1713 sequitur,
2741 1615 2802 1687 si
2850 1638 2966 1687 ea-

727 1722 875 1794 dem
927 1718 1158 1816 Gorgo
1211 1722 1294 1794 εἷν
1345 1715 1580 1817 ὀλβία)
1646 1719 1870 1817 ὄλβια
1922 1715 2174 1793 πάντα
2227 1718 2423 1811 dicit,
2476 1717 2607 1791 hoc
2659 1743 2805 1790 eam
2854 1741 2965 1790 ar-

725 1831 1032 1921 gumento
1085 1822 1377 1895 excitare
1428 1820 1513 1893 ad
1567 1820 1821 1894 videndi
1872 1820 2293 1919 cupiditatem
2322 1822 2486 1895 velle
2526 1819 2962 1910 Praxiuoam3

727 1928 830 1999 sin
879 1927 995 1999 illa
1041 1924 1418 1999 Praxinoae
1465 1925 1668 1997 verba
1716 1932 1892 2017 sunt,
1946 1924 2481 2024 occupationibus
2533 1924 2674 1997 suis
2728 1925 2964 1997 distra-

728 2037 905 2104 ctam
954 2029 1173 2121 fateri,
1226 2053 1299 2101 se
1347 2028 1416 2099 id
1469 2028 1763 2101 credere.
1866 2025 1964 2100 Et
2012 2028 2140 2101 hoc
2190 2028 2420 2101 melius
2463 2028 2773 2126 congruit
2820 2050 2964 2100 cum

728 2134 1030 2233 proximo
1084 2132 1225 2205 eius
1277 2130 1481 2203 dicto.
1588 2129 1813 2223 Quare
1864 2130 2030 2228 haec
2081 2131 2181 2204 sie
2231 2130 2580 2204 scribenda
2628 2131 2963 2245 videntur:

1171 2330 1181 2335 .
1697 2264 1951 2342 ἀκούω
1995 2276 2256 2369 χρῆμα
2304 2265 2540 2345 καλόν
2590 2297 2667 2343 τι

938 2378 1231 2470 κοσμῆν
1295 2369 1443 2446 τὰν
1519 2367 1998 2468 βασίλισσαν.
2103 2377 2209 2446 Π.
2292 2374 2375 2448 ἐν
2438 2369 2679 2471 ὀλβία)
2746 2371 2965 2471 ὄλβια
3048 2467 3055 2474 ‚

1955 2471 2228 2552 πάντα.

939 2582 1025 2651 Γ.
1096 2569 1210 2653 ὧν
1277 2574 1468 2669 ἴδες,
1551 2569 1664 2652 ὧν
1735 2576 1944 2663 εἶπας
2007 2578 2137 2654 καὶ
2215 2577 2466 2655 ἰδοῖσα
2532 2578 2630 2655 τὺ
2694 2585 2805 2678 τῷ
2865 2573 2965 2676 μὴ

1963 2679 2228 2758 ἰδόντι.

940 2783 1198 2883 ἕρπειν
1250 2781 1412 2883 ὥρα
1463 2784 1527 2858 κ’
1577 2787 1714 2881 εἴη.
1824 2773 2274 2891 Ε’ἅὲργοις
2328 2782 2491 2862 αἰὲν
2541 2781 2792 2887 ἑορτά.

733 2918 957 2995 Sicuti
1004 2917 1237 2998 τόσον
1286 2964 1391 2975 -
1440 2918 1673 2998 τόσον
1722 2948 1846 3021 pro
1900 2922 2084 3000 ὅσον
2135 2968 2239 2979 --
2304 2920 2536 2999 τόσον
2600 2931 2671 2997 et
2737 2919 2968 2996 similia

734 3025 961 3099 dicunt
1009 3034 1244 3121 poetae
1294 3022 1558 3119 Dorici,
1612 3026 1712 3101 sic
1764 3028 1961 3101 etiam
1989 3027 2175 3105 ὅσον
2225 3071 2327 3082 ——-
2378 3026 2562 3103 ὅσον
2611 3052 2740 3125 pro
2790 3024 2968 3101 ὅσον

738 3169 839 3182 --
887 3124 1143 3220 τόσον,
1195 3135 1270 3200 ut
1315 3125 1446 3202 IV.
1502 3133 1625 3202 39.

1045 3264 1230 3341 ὅσον
1278 3263 1482 3368 αἶγες
1533 3264 1706 3363 ἐμὶν
1755 3265 1995 3365 φίλαι,
2046 3266 2276 3344 ὅσσον
2329 3267 2687 3368 ἅπέσβας.

738 3400 888 3475 Hae
951 3401 1257 3475 familiari
1317 3399 1651 3476 locutione
1719 3400 1949 3501 Gorgo
2015 3405 2125 3478 hic
2176 3405 2376 3499 dicit,
2444 3429 2637 3503 quae
2688 3399 2966 3494 m‘distv‘,

738 3529 835 3577 ea
872 3504 1211 3605 potuisti
1251 3528 1590 3576 naa-rame
1644 3505 1880 3577 etiam
1931 3506 2014 3579 ei
2055 3507 2194 3605 qui
2232 3531 2390 3581 mm
2420 3506 2636 3582 vidit.
2686 3537 2705 3556 κ
2738 3506 2969 3605 Neque

737 3609 912 3682 enim
960 3633 1126 3706 opus
1173 3616 1251 3681 ut
1298 3608 1601 3681 codicum
1652 3611 1980 3710 scriptura
2028 3613 2237 3694 εἶπας
2284 3612 2414 3687 καὶ
2460 3613 2532 3684 in
2581 3618 2821 3696 εἴπαις
2844 3635 2968 3684 κεν

738 3718 1046 3784 mutetur.
1147 3709 1491 3783 Proverbii
1553 3712 1841 3785 colorem
1902 3714 2099 3787 habet
2159 3715 2547 3789 indicativus
2611 3710 2967 3814 praeteriti.

721 3812 924 3916 Ἰδες
954 3814 1167 3913 prima
1211 3814 1395 3887 brevi
1444 3813 1691 3888 dietum
1741 3816 1982 3890 diserte
2030 3817 2159 3892 hoo
2205 3843 2400 3890 versu
2459 3826 2739 3893 testatur
2790 3814 2968 3890 Gre-

737 3918 961 4016 gorius
1014 3915 1175 3991 Cor.
1228 3918 1309 3989 de
1360 3916 1517 3990 dial.
1564 3916 1739 3992 Dor.
1793 3928 1858 4008 §.
1920 3924 2092 3996 134.
2209 3919 2548 3994 Praxinoa
2610 3946 2807 4020 quum
2856 3940 2967 3989 re-

738 4020 1018 4121 spondet
1069 4020 1364 4123 οἷὲργοις
1416 4018 1579 4096 αἰὲν
1629 4019 1880 4122 ἑορτά,
1931 4024 2003 4094 in
2054 4024 2240 4096 cuius
2291 4024 2619 4120 proverbii
2669 4021 2966 4121 explica·-

737 4125 916 4198 tione
964 4124 1354 4196 haesitatum
1405 4131 1544 4217 est,
1594 4124 1723 4198 hoc
1773 4124 2138 4222 significat,
2205 4150 2337 4199 non
2401 4152 2474 4201 se
2538 4129 2635 4201 ita
2698 4144 2965 4201 vacuam

739 4249 887 4299 esse
959 4236 1037 4301 ut
1112 4225 1532 4324 Gorgonem,
1640 4227 1761 4308 sed
1821 4227 2010 4302 valde
2078 4237 2467 4329 occupatam
2552 4231 2652 4305 rei
2740 4230 2964 4303 dome-

636 4359 642 4366 ·
740 4329 948 4412 sticae
998 4338 1067 4404 et
1113 4332 1303 4429 pueri
1353 4355 1537 4404 cura.

943 4430 1039 4507 V.
1093 4436 1218 4507 27.
1282 4431 1417 4507 Hic
1478 4434 1668 4509 locus
1729 4442 1866 4510 tam
1927 4435 2125 4511 variis
2203 4436 2413 4535 iisque
2475 4435 2713 4537 partim
2775 4427 2961 4505 nimis
