3275 5317
691 468 818 538 iss
1064 456 1065 459 ‘
1427 467 1550 542 un
1591 465 2233 535 rasennnns

686 633 771 706 de
823 628 1206 729 Ganymede
1255 626 1502 727 aliquid
1552 629 1833 707 dicatur.
1949 627 2169 705 Aliter
2229 629 2392 705 nihil
2438 629 2634 732 plane
2685 635 2915 710 confe-

681 743 839 810 runt
886 734 957 808 hi
1005 758 1233 809 versus
1283 732 1368 805 ad
1394 733 1488 826 id,
1541 734 1716 832 quod
1748 734 2191 808 demonstrare
2219 736 2477 809 volebat
2500 736 2912 813 scholiastes.

676 836 971 911 Adiuvat
1035 835 1546 911 emendationem
1587 844 1851 934 praeter
1912 861 1993 910 ea
2055 861 2222 936 quae
2273 838 2464 912 attuli
2512 840 2710 912 etiam
2760 841 2914 936 καί,

681 964 809 1040 quo
835 940 1007 1015 hanc
1043 939 1479 1013 adnotationis
1515 963 1674 1013 suae
1714 947 1968 1037 partem
1993 940 2225 1039 incipit
2269 941 2692 1015 scholiastes:
2745 968 2915 1041 quae

677 1043 1004 1142 particula
1032 1042 1315 1117 ostendit
1363 1043 1562 1114 alium
1590 1043 1672 1114 ab
1704 1067 1783 1115 eo
1815 1051 2150 1117 auctorem
2199 1043 2424 1138 adiici,
2477 1045 2588 1142 qui
2614 1043 2917 1120 Laome-

678 1147 894 1219 dontis
922 1144 1125 1218 filium
1147 1145 1350 1219 fuisse
1377 1142 1821 1241 Ganymedem
1852 1146 2116 1230 dixerit.
2216 1145 2391 1219 Nam
2431 1148 2490 1218 si
2529 1149 2918 1223 sententiam

676 1246 1137 1347 Aristophanis
1188 1249 1596 1346 grammatici
1644 1248 1728 1321 de
1782 1248 2122 1323 Troadum
2168 1273 2362 1323 versu
2406 1274 2920 1324 commemoras-

677 1359 809 1447 set,
860 1352 1137 1425 dixisset
1176 1347 1730 1452 Αριστοφάνης
1764 1350 1890 1426 δέ.-
1975 1351 2103 1424 His
2156 1352 2449 1426 omnibus
2500 1353 2792 1427 adducor
2838 1363 2921 1428 ut

680 1463 750 1529 et
800 1454 1191 1529 scholiastae
1243 1463 1317 1528 et
1359 1462 1595 1553 poetae
1644 1454 1843 1527 verba
1891 1433 2021 1528 hoc
2068 1453 2264 1528 modo
2327 1455 2689 1553 supplenda
2737 1457 2919 1531 scri-

675 1557 1017 1655 bendaque
1067 1557 1369 1631 credam.
1421 1557 1551 1633 καὶ
1590 1552 2039 1656 Ἀντιφάνης
2088 1556 2623 1656 Λαομέδοντος
2672 1559 2918 1635 παῖδα

676 1659 821 1739 τὸν
880 1656 1349 1761 Γανυμήδην
1376 1659 1564 1760 φησὶ
1593 1658 1724 1736 διὰ
1753 1659 1895 1757 τὴν
1919 1666 2079 1736 τῶν
2129 1665 2393 1737 οἰκιῶν
2434 1658 2918 1756 [κοινωνίαν

636 1802 688 1877 8
892 1799 1158 1930 στέγας
1206 1794 1293 1874 δὲ
1340 1795 1879 1897 Γανυμήδους]
1933 1796 2139 1899 δρᾷς.
2123 1796 2233 1893 .*)
2285 1800 2367 1875 ἐν
2414 1798 2594 1897 τῇδε
2644 1797 2794 1897 μεν

885 1902 927 1979 ὅ
981 1911 1140 1979 τῶν
1192 1908 1536 2031 Φρυγῶν
1583 1899 1961 2002 τύραννος
2013 1907 2246 1978 οἰκῶν
2284 1899 2678 2032 τυγχάνει,

880 2004 1127 2109 γέρων
1178 2001 1536 2107 ᾇποργής,
1587 2004 2020 2106 Λαομέδων
2068 1994 2554 2104 καλουμενσς.

672 2142 1086 2243 Antiphanes
1139 2142 1312 2216 enim
1362 2142 1654 2218 comicus
1705 2142 2151 2240 Ganymedem
2188 2143 2454 2243 scripsit
2484 2143 2918 2241 comoediam,

672 2247 748 2318 in
800 2270 929 2345 qua
976 2255 1205 2344 raptus
1275 2245 1766 2320 describebatur
1830 2245 2253 2343 Ganymedis.
2369 2245 2487 2321 Ex
2551 2272 2633 2321 ea
2694 2248 2921 2322 fabula

673 2348 931 2445 insigne
1005 2349 1436 2446 fragmentum
1500 2350 1781 2422 servavit
1844 2346 2225 2423 Athenaeus
2292 2349 2407 2425 Χ.
2459 2376 2570 2449 p.
2598 2351 2778 2425 459.
2847 2352 2920 2425 in

677 2474 809 2548 quo
836 2452 969 2523 iam
994 2452 1260 2524 credere
1293 2450 1542 2543 licebit,
1594 2451 1849 2544 herum,
1904 2452 2015 2548 qui
2048 2477 2200 2525 cum
2253 2477 2441 2527 servo
2494 2454 2914 2575 colloquitur,

675 2552 893 2651 ipsum
944 2577 1091 2625 esse
1138 2550 1684 2629 Laomedontem.
1783 2553 1865 2627 Id
1916 2555 2347 2652 fragmentum
2389 2557 2691 2655 quoniam
2741 2580 2920 2630 non-

678 2655 833 2727 dum
881 2657 1141 2754 penitus
1193 2656 1601 2730 emendatum
1653 2657 2197 2757 explanatumque
2249 2667 2385 2747 est,
2437 2661 2562 2753 sic,
2615 2660 2714 2733 uti
2738 2661 2915 2734 scri·-

674 2757 955 2832 bendum
999 2760 1302 2853 arbitror,
1355 2761 1654 2858 apposui.
1757 2758 2012 2834 Scribit
2041 2769 2258 2833 autem
2290 2759 2707 2837 Athenaeus.
2761 2763 2921 2838 ἐπεὶ

679 2860 770 2936 δὲ
821 2861 1091 2958 ἱκανὴν
1137 2859 1581 2962 παράβασιν
1629 2860 2104 2961 πεποιήμεθα
2153 2865 2324 2964 περὶ
2370 2874 2532 2943 τῶν
2549 2864 2910 2997 γρίφων,

678 2967 973 3042 λεκτέον
1019 2966 1165 3062 ἤδη
1217 2966 1346 3041 καὶ
1392 2965 1565 3044 τίνα
1616 2965 1929 3044 κόλασιν
1954 2967 2328 3098 ὑπέμενον
2354 2969 2426 3044 οἱ
2472 2968 2578 3067 μὴ
2631 2965 2915 3045 λύσαν-

677 3092 799 3154 τες
846 3068 984 3147 τὸν
1033 3070 1498 3166 προτεθέντα
1541 3076 1846 3172 γρῖφον.
1900 3072 2158 3146 ἔπινον
2206 3065 2416 3147 οὗτοι
2469 3071 2734 3202 άλμην
2766 3101 2914 3148 πα-

681 3170 1285 3302 ραμισγομένην
1290 3181 1401 3271 τῷ
1452 3173 1712 3250 αὐτῶν
1762 3182 1995 3273 ποτῷ,
2048 3173 2177 3249 καὶ
2228 3173 2376 3249 ἔδει
2424 3176 2914 3309 προςενέγκψ

683 3276 874 3348 σθαι
942 3272 1028 3349 τὸ
1097 3271 1456 3403 ποτήριον
1536 3274 1938 3366 ἀπνευστί,
2038 3306 2141 3361 ως
2197 3276 2647 3379 Ἀντιφάνης
2696 3279 2920 3377 δηλοι

680 3381 766 3456 ἐν
815 3372 1246 3474 Γανυμήδει
1297 3376 1427 3453 δια
1476 3374 1813 3456 τούτων·

1573 3521 1679 3591 Π.
1735 3522 1936 3618 οἴμοι
1984 3516 2431 3650 περιπλοκας

884 3615 1059 3693 λίαν
1090 3620 1410 3747 ἐρωτᾷς.
1515 3614 1616 3697 A
1671 3621 1842 3697 αλλ’
1898 3619 2045 3726 ἐγω
2102 3631 2366 3752 σαφῶς
2418 3618 2733 3723 φράσω·

885 3729 1016 3816 τῆς
1040 3720 1410 3852 ἁρπαγῆς
1460 3732 1598 3801 τοῦ
1648 3723 1921 3812 παιδὸς
1972 3732 2037 3802 εἰ
2087 3722 2462 3811 ξυνοισθά
2512 3756 2613 3819 τι,

758 3882 772 3897 .
883 3823 1163 3922 ταχέως
1228 3826 1468 3931 λέγειν
1506 3825 1657 3928 χρὴ
1709 3828 1892 3931 πρὶν
1956 3828 2410 3961 κρέμασθαι.
2516 3836 2635 3907 ..Π
2685 3826 2910 3907 πότε-ψ

1903 3930 2000 4034 ρά
2048 3955 2181 4105 μοι

845 4285 904 4367 *)
950 4290 1121 4352 Aliud
1162 4293 1336 4370 idque
1391 4270 1557 4355 valde
1610 4316 1716 4374 pro
1683 4296 1850 4354 obabi
1853 4296 1907 4354 le
1962 4294 2416 4398 supplementum
2474 4314 2692 4354 mecum
2749 4315 2904 4353 com-

680 4374 985 4436 manicavit
1024 4379 1094 4441 F.
1139 4377 1210 4444 V.
1255 4378 1627 4454 Fritzschius;
1685 4378 1841 4463 φησὶ
1897 4375 2003 4440 διὰ
2045 4373 2499 4460 metm-13¹2«
2540 4377 2665 4443 οἰκί
2637 4401 2738 4441 ιαν
2791 4374 2920 4463 τὴν

684 4458 796 4519 τοῦ
836 4453 1247 4545 Γανυμήδους
1289 4459 1402 4543 οὐχ
1444 4457 1549 4552 ὅρι’
1530 4466 1631 4544 ‘335-
2353 4484 2358 4497 “
