3275 5317
772 469 1244 534 ‘SCHOLAE
1286 472 2010 541 THEOCRITEAE.
2434 472 2525 541 ⁷9

286 634 543 724 fficnnt3
613 657 813 731 quun
877 631 1395 709 Oromodontem
1458 635 1562 711 vel
1625 633 1883 709 Panem
1942 635 2136 710 (lenm
2205 660 2354 711 esse
2419 639 2522 712 vel

282 745 567 811 montem
632 736 1025 811 Thessaliae
1085 745 1203 811 aut
1267 735 1393 812 Coi
1474 757 1621 811 esse
1690 748 1997 830 eonsent3
2090 761 2289 838 quum
2351 738 2524 814 Pte·

280 841 448 915 leam
525 840 633 914 vel
726 840 1016 912 eiusdem
1104 840 1402 934 insulae,
1482 842 1590 915 vel
1654 839 2034 936 Arcadiae,
2099 842 2210 916 vel
2268 840 2525 942 Ephesi

279 967 426 1017 esse
475 951 787 1033 nal-rann
866 968 1063 1041 quum
1111 942 1368 1040 Pyxam
1420 943 1525 1018 vel
1570 944 1793 1019 locum
1841 945 2124 1044 aliquem
2171 945 2247 1019 in
2293 947 2525 1020 eadem
2655 965 2664 974 ·

279 1046 496 1119 insula
543 1046 650 1119 vel
698 1046 925 1119 urbem
974 1047 1079 1139 vel
1126 1071 1368 1145 pagum
1419 1071 1567 1121 esse
1628 1048 1924 1122 tradunt.
2040 1046 2229 1121 Nihil
2290 1049 2526 1124 horum

281 1152 615 1245 cognitum
676 1149 1104 1247 geographis:
1172 1174 1260 1223 ex
1323 1151 1560 1248 quibus
1623 1148 1871 1225 Strabo
1935 1149 2141 1225 XIV.
2202 1176 2275 1251 p.
2344 1151 2523 1228 657.

280 1253 440 1326 satis
493 1253 839 1349 diligenter
889 1252 971 1326 de
1023 1250 1127 1327 Co
1175 1253 1393 1327 insula
1439 1255 1772 1353 exposuit.
1888 1251 2096 1328 Solus
2147 1254 2291 1327 eius
2333 1255 2526 1329 insn-

280 1356 383 1435 lae
431 1355 583 1428 fons
633 1354 913 1449 Burina,
966 1356 1047 1429 de
1099 1380 1228 1454 quo
1280 1365 1464 1432 certo
1514 1364 1800 1451 constat,
1851 1357 1919 1429 in
1949 1357 2078 1431 hoe
2101 1356 2325 1454 idyllio
2373 1382 2524 1433 me-

282 1466 599 1551 moratm,
651 1458 768 1531 sed
816 1459 902 1530 iis
958 1458 1166 1532 verbis
1178 1511 1205 1553 ,
1258 1484 1426 1558 quae
1480 1461 1654 1559 quod
1703 1460 1875 1535 male
1924 1460 2261 1534 intellecta
2310 1470 2523 1555 erant,

282 1563 348 1634 in
397 1586 689 1634 errorem
737 1561 1111 1635 inciderunt
1139 1563 1555 1662 interpretes».
1659 1559 1897 1662 Neque
1947 1588 2103 1637 vero
2157 1562 2238 1637 de
2285 1557 2528 1637 Sicilia

283 1663 723 1761 cogitandum.
827 1661 1205 1763 Oppidum,
1279 1667 1467 1739 cuius
1533 1692 1598 1739 v.
1654 1670 1729 1739 2.
1782 1665 2024 1739 mentio
2073 1663 2278 1761 facta,
2299 1664 2530 1739 *Velia
2627 1709 2634 1719 -

283 1776 381 1841 est
400 1764 789 1841 Lucaniaez
841 1766 905 1840 oi
950 1768 1234 1842 vicinum
1280 1769 1547 1842 fluvium
1594 1767 1945 1845 Halentem
1985 1776 2351 1843 memorant
2400 1767 2528 1843 Ci-

282 1894 437 1945 eero
489 1871 579 1942 ad
623 1870 782 1942 fam.
833 1869 1000 1944 VII.
1053 1871 1180 1945 20.
1231 1872 1319 1943 ad
1364 1868 1515 1945 Att.
1581 1870 1789 1944 XVI.
1860 1869 1938 1946 7.
1990 1879 2060 1945 et
2122 1871 2529 1945 Theocritus

281 1975 422 2074 ipse
472 1971 568 2046 V·
630 1975 799 2046 123.
853 1973 966 2045 ubi
1015 1997 1215 2071 quum
1260 1982 1448 2064 recte
1498 1974 1777 2047 dixisset
1826 1974 2239 2068 scholiasta,
2291 2002 2527 2050 ποτα-

281 2077 422 2175 μὸς
476 2069 698 2160 οὗτος
750 2079 832 2152 ἐν
874 2075 1172 2174 Ἰταλίᾳ,
1225 2076 1430 2169 addit,
1494 2077 1778 2175 septimi
1823 2073 2029 2174 idyllii
2091 2078 2267 2151 mala
2311 2077 2529 2153 inter·-

282 2177 650 2279 pretatione
717 2180 1034 2277 deeeptus
1049 2231 1076 2274 ‚
1144 2180 1426 2282 ἐλέγετο
1497 2179 1700 2256 οὕτω
1764 2179 1896 2255 ’καὶ
1965 2176 2195 2265 τόπος
2263 2210 2379 2266 τις
2444 2184 2530 2259 ἐν

281 2289 435 2382 Κῷ.
569 2280 727 2355 Non
798 2282 995 2378 longe
1070 2283 1260 2357 abest
1328 2282 1748 2357 Buxentmnz
1835 2286 2255 2369 Πυξοῦντα
2332 2294 2530 2360 vocnt

283 2383 530 2461 Strabo
581 2384 710 2459 VI.
760 2409 833 2484 p.
888 2386 1066 2459 253.
1184 2384 1256 2457 Is
1304 2386 1496 2459 locus
1567 2386 1814 2472 Πυξὶς
1861 2387 2040 2486 apud
2083 2383 2526 2486 Stephanum,

284 2489 511 2576 Πύξα
564 2512 607 2561 a
655 2487 1022 2562 Theocrito
1085 2497 1384 2563 vocatur.
1498 2488 1793 2588 copiose
1858 2489 1939 2563 de
2006 2490 2109 2563 his
2176 2491 2532 2590 explicavit

285 2591 631 2671 Cluven'ns
678 2593 751 2664 in
799 2590 996 2665 Italia
1040 2593 1312 2690 antiqua
1372 2615 1444 2692 p.
1505 2595 1729 2667 1259,
1797 2617 1984 2692 seqq.
2097 2590 2262 2668 Fuit
2308 2602 2531 2668 auten

286 2695 479 2771 Velia
527 2695 791 2768 colonia
836 2693 1357 2770 Phocaeensium
1370 2721 1393 2768 x
1464 2695 1582 2770 sed
1634 2693 1916 2771 Gelonis
1981 2704 2278 2794 tempore
2344 2696 2530 2772 cad-

285 2821 425 2872 mus
438 2849 465 2892 ,
508 2799 775 2895 regulus
828 2797 1118 2874 cnorum
1132 2852 1155 2892 ‚
1226 2800 1525 2897 deposito
1574 2800 1852 2899 imperio
1867 2850 1893 2891 ‚
1960 2799 2032 2872 in
2097 2797 2404 2874 Siciliam
2451 2824 2529 2874 so

286 2902 565 2976 contulit
631 2910 700 2975 et
746 2924 899 2974 etun
948 2900 1198 2975 Samiis
1246 2903 1342 2974 ibi
1407 2902 1711 2975 Zanclen
1777 2902 2134 2994 habitavit,
2198 2910 2275 2976 nt
2322 2903 2530 2978 refert

284 3003 663 3078 Herodotus
713 3003 877 3078 VII.
955 3008 1127 3077 164.
1244 3002 1426 3080 Eum
1491 3005 1804 3078 credibile
1869 3013 1975 3078 est
2038 3005 2206 3076 alios
2270 3028 2532 3105 quoque

288 3107 577 3182 Gnarum
625 3108 786 3181 illuc
835 3129 1063 3181 secum
1111 3107 1382 3181 duxisse
1395 3155 1422 3201 ‚
1475 3132 1722 3207 eosque
1787 3116 1856 3182 et
1915 3107 1991 3180 in
2039 3105 2281 3182 Sicilia
2341 3116 2412 3182 et
2458 3109 2532 3183 in

288 3212 515 3285 vicinis
566 3209 801 3284 Italiae
847 3212 1017 3284 locis
1067 3209 1257 3284 sedes
1307 3212 1635 3309 posuisse.
1745 3207 1831 3283 In
1877 3211 1963 3283 iis
2014 3217 2205 3284 erant
2249 3209 2531 3285 Phrasi·

286 3315 512 3388 «lamus
562 3321 633 3387 et
680 3310 1070 3410 Antigenes,
1119 3313 1240 3386 filii
1286 3313 1612 3414 Lycopei‚
1664 3339 1872 3412 genus
1900 3314 2213 3388 ducentes
2238 3333 2281 3387 a
2313 3313 2679 3413 Cly-1058

284 3419 401 3511 tia,
452 3416 755 3515 Meropis
802 3416 966 3511 filia,
1016 3426 1084 3490 et
1135 3416 1495 3512 Chalcone,
1549 3417 1737 3512 Cois,
1789 3441 2068 3539 quorum
2092 3416 2342 3492 Chaleo
2370 3418 2529 3494 fon-

230 3598 235 3602 ,
286 3529 418 3594 tem
491 3519 672 3592 illius
746 3520 998 3593 insulae
1072 3520 1394 3595 Burinam
1466 3545 1642 3618 genu
1702 3545 1852 3620 rupi
1902 3518 2144 3595 obnixo
2193 3522 2532 3620 aperuisse

287 3624 640 3698 ferebatur.
742 3621 958 3695 Huius
1007 3624 1206 3697 fontis
1268 3625 1703 3723 arborumque
1768 3623 1954 3698 cirea
2016 3645 2166 3697 omn
2227 3633 2531 3701 natarum

287 3726 670 3825 descriptio,
722 3749 889 3824 quae
938 3727 1191 3801 inserta
1240 3736 1344 3801 est
1388 3727 1478 3800 ad
1529 3726 1884 3802 Chalconis
1914 3726 2295 3802 memoriam
2343 3729 2532 3804 eele-

288 3830 625 3921 branciam,
676 3830 911 3902 fefellit
953 3831 1371 3928 interpreteS,
1423 3839 1500 3905 ut
1546 3832 1802 3929 reliqua
1847 3853 2102 3930 quoque
2130 3832 2306 3926 loca,
2358 3855 2531 3930 quo·-

288 3955 432 4005 rnm
476 3933 557 4005 in
628 3933 757 4006 hoe
830 3933 1051 4029 idyllio
1125 3935 1305 4007 facta
1379 3942 1484 4007 est
1554 3936 1843 4027 mentio,
1916 3935 2003 4008 ad
2053 3932 2200 4009 Con
2247 3935 2529 4008 insulam

40 4089 41 4096 κ
195 4091 201 4102 .
288 4036 633 4109 referrent.
733 4035 1166 4109 Recentiores
1219 4033 1626 4110 confirmavit
1673 4038 1745 4109 in
1792 4037 1911 4110 illa
1935 4035 2240 4140 opinione
2263 4033 2528 4110 Moschi

290 4162 482 4238 quem
545 4140 861 4237 putabant
922 4138 1363 4214 testimoninm
1438 4142 1511 4212 in
1571 4141 1903 4239 epitaphio
1965 4140 2200 4214 Bionis
2263 4163 2331 4213 v.
2398 4142 2528 4215 98.

294 4241 409 4314 sed
467 4241 636 4315 istos
701 4266 925 4315 versus
991 4241 1096 4315 Μ.
1147 4239 1410 4315 Masuri
1475 4267 1622 4317 esse
1705 4243 1990 4318 ostendit
2047 4241 2111 4315 F
2109 4292 2137 4315 .
2203 4237 2531 4317 Naekius.

298 4343 641 4420 contrario
691 4368 913 4418 errore
962 4343 1316 4420 Eustathio
1363 4348 1451 4421 ad
1497 4336 1888 4444 Dionysium
1940 4371 2004 4423 v-
2032 4347 2126 4422 51
2142 4351 2210 4423 l.
2248 4369 2320 4448 p.
2354 4352 2526 4440 199,

304 4450 420 4521 34.
506 4448 779 4534 ⁸Burina
828 4457 933 4523 est
980 4446 1176 4552 πηγή
1228 4479 1342 4536 τις
1386 4447 1716 4546 Ἱταλική.
