3275 5317
1046 484 1771 551 TnuocnlrEAE.
1996 443 2007 454 ⁵
2406 484 2536 553 los

299 647 539 743 ἄμμιν
590 645 868 744 ἐπιρῤεἷ
876 700 904 735 ,
955 645 1098 720 sine
1147 646 1340 722 metri
1383 646 1563 723 *vitio
1628 647 1954 748 producta
2016 647 2225 723 altera
2288 649 2537 746 syllaba

296 749 429 822 dici
474 749 775 847 putabat.
878 746 1162 825 Admitti
1208 750 1557 849 productio
1608 753 1762 825 talis
1811 759 2031 851 potest
2095 752 2168 823 in
2215 752 2537 849 longiori-

295 853 414 924 bus
463 852 828 948 vocabulis,
879 853 1288 951 maximeque
1339 854 1410 926 iu
1458 853 1828 928 nominibus
1870 856 2177 986 propriis,
2233 855 2407 953 quod
2455 878 2539 929 ea

294 955 485 1027 aliter
536 956 753 1055 aptari
816 957 1036 1029 versui
1084 981 1216 1029 non
1279 965 1592 1055 possunt.
1661 945 1739 1031 ιιι
1792 955 2113 1034 Ιὸἄλιον
2179 956 2541 1058 ἐφίλασας

293 1083 358 1131 v.
417 1060 596 1134 100.
649 1066 744 1154 et,
799 1059 974 1189 quod
1021 1067 1239 1133 tamen
1291 1083 1427 1133 nou
1475 1060 1745 1160 scripsit
1794 1060 2227 1154 Theocritus,
2291 1088 2359 1136 v.
2415 1065 2540 1138 90.

292 1157 731 1259 πασάμενος
796 1160 1181 1260 ἐπέτασσε·
1257 1187 1393 1236 non
1465 1164 1538 1236 in
1611 1164 1826 1238 verbis
1895 1165 2297 1238 brevioribus
2312 1217 2339 1259 ,
2415 1163 2543 1238 nisi

291 1265 359 1336 in
292 1264 911 1442 {33glamatioue
974 1289 1126 1341 cum
1190 1289 1402 1366 pausa
1462 1267 1536 1341 in
1603 1268 1945 1344 recitando
2009 1268 2402 1362 coniuncta,
2468 1274 2546 1343 ιιι
2650 1297 2657 1302 ·

503 1503 573 1582 ὦ
605 1487 909 1606 ’ἕβενοςῃ
961 1507 1025 1583 ὤ
1068 1505 1382 1608 χρυσός,

292 1653 358 1719 et
406 1641 473 1719 I.
538 1644 714 1720 115.

503 1775 573 1858 ὦ
626 1777 863 1872 λύκοι,
916 1778 980 1858 ὦ
1032 1787 1260 1878 θῶες,
1314 1778 1379 1859 ὦ
1431 1783 1552 1861 ἄν’
1606 1785 1805 1886 diosa
1850 1782 2208 1885 φωλάδες
2259 1786 2545 1888 ἄρκτοι.

295 1920 575 1999 Minime
627 1920 912 1994 omnium
964 1927 1184 1994 autem
1247 1919 1421 2019 ἐμὶν
1481 1928 1550 1994 et
1597 1922 1762 1999 τεῒν
1808 1921 1914 1997 vel
1973 1922 2098 2001 τὶν
2159 1914 2339 2000 illuc'
2367 1907 2550 1998 refe-

294 2024 502 2100 renda
555 2032 767 2118 eraut,
822 2048 990 2122 quae
1039 2031 1278 2097 natura
1323 2025 1586 2121 longam
1636 2025 1879 2099 habent
1930 2055 1959 2102 ι
2007 2027 2328 2102 vocalem.
2395 2026 2550 2102 Hoc

297 2128 563 2226 quidem
614 2127 696 2200 (le
748 2153 875 2225 quo
942 2126 1313 2254 quaerimus
1378 2127 1528 2200 loco
1594 2136 1877 2202 metrum
1942 2130 2194 2204 salvum
2258 2138 2553 2229 praestat

300 2229 636 2334 scriptura
687 2230 794 2304 ed.
844 2228 1034 2304 Flor.
1087 2230 1306 2326 ὄχλος
1355 2228 1588 2315 πολυς
1640 2233 1889 2328 ἄμμιν
1941 2236 2249 2333 ἐπιῤῥεῖ·
2303 2234 2423 2307 sed
2473 2256 2555 2307 ea

299 2334 615 2432 languida
663 2341 792 2427 est,
844 2358 972 2407 nec
1022 2331 1448 2409 confirmatur
1513 2356 1557 2407 a
1617 2335 1988 2411 codicibus.
2108 2338 2290 2432 Quin
2354 2336 2555 2410 etiam

304 2438 693 2512 scholiastes
745 2436 833 2510 ad
879 2434 941 2509 Ι.
993 2439 1123 2511 42.
1176 2437 1488 2511 scribit:
1511 2438 1743 2514 κατὰ
1778 2437 2026 2516 ταῦτα
2095 2444 2302 2518 ἐστιν
2366 2444 2557 2517 ἐλλι-
2638 2509 2643 2514 .

303 2539 428 2625 πὲς
477 2539 615 2617 καὶ
662 2538 750 2616 τὸ
804 2540 980 2625 ὄσος
1031 2533 1252 2637 ὄχλος
1300 2515 1547 2639 ἄμμιν
1588 2545 1880 2640 ἐπιρρεἷ.
1932 2543 2019 2620 τὸ
2072 2544 2222 2646 γὰρ
2250 2546 2552 2634 ἐντελές,
2633 2557 2638 2562 ’

305 2648 561 2745 βαβαῖ
603 2651 743 2720 τοῦ
797 2643 1070 2739 ὄχλου,
1105 2643 1280 2728 ὅσος
1331 2644 1515 2742 ἡμῖν
1569 2646 1932 2745 ἐμπίπτει.
1983 2643 2333 2721 Facillima
2382 2653 2707 2729 ιιι-1074

306 2749 394 2821 tio
446 2746 840 2821 emendandi
887 2748 1053 2821 haec
1103 2755 1231 2840 est,
1282 2755 1360 2820 ut
1406 2750 1734 2847 particula
1769 2750 2132 2824 inseratur.
2232 2749 2390 2825 Non
2425 2758 2560 2851 Ριι-

307 2853 580 2926 taverim
644 2859 864 2924 tamen
931 2850 1368 2924 Theocritum
1431 2853 1781 2951 scripsisse
1837 2850 2328 2962 σπεύδωμες,
2382 2854 2560 2941 ὄσος

348 2955 373 2984 ³
441 2958 666 3052 ὄχλος
747 2954 993 3054 ἄμμιν
1060 2957 1369 3049 ἐπιρῤεἷ,
1444 2956 1617 3052 quod
1687 2944 1857 3029 haec
1920 2957 2247 3053 particula
2275 2958 2559 3088 aliquid

311 2985 603 3156 {languidi
648 3058 873 3153 infert,
928 3057 1046 3131 sed
1110 3056 1320 3153 magis
1385 3059 1661 3157 probem
1713 3056 2189 3158 σπεύδωμες
2245 3059 2421 3148 ὄσος
2470 3055 2554 3138 δ’

315 3164 532 3259 ὄχλος
585 3162 832 3261 ἄμμιν
879 3162 1177 3259 ἓπιῤῥεῖ.

516 3263 611 3340 V.
667 3269 793 3339 60.
845 3265 1210 3342 Multorum
1261 3257 1567 3336 codicum
1627 3263 1877 3340 indicio
1949 3263 2338 3365 aliquanto
2350 3293 2560 3345 venu-

174 3342 180 3353 ⁵
313 3369 478 3443 stius
528 3393 726 3468 quam
773 3368 846 3439 in
894 3369 1159 3466 vulgata
1207 3367 1566 3467 scripserat
1615 3368 2055 3443 Theocritus·

521 3515 612 3584 11.
645 3510 756 3593 ’ἐξ
831 3507 1107 3596 αὐλᾶς,
1193 3536 1256 3583 ω
1337 3514 1621 3607 μᾶτερ;
1724 3513 1882 3584 ΓΡ.
1955 3507 2153 3614 ἐγων
2167 3564 2195 3599 ,
2271 3512 2556 3591 τέκνον.

619 3689 626 3695 .
1547 3616 1635 3686 Γ.
1690 3611 1852 3687 εἶτα
1901 3616 2306 3715 παρενθῆν

516 3714 859 3814 εὐμαρές.

520 3852 617 3927 V.
672 3854 796 3928 67.
849 3848 1290 3925 Scribemlum
1342 3860 1511 3946 erat,
1566 3851 1765 3928 etiam
1815 3855 1876 3928 si
1924 3880 2057 3930 non
2109 3856 2565 3956 praebuissent

322 3955 493 4049 libri,
544 3952 649 4053 μή
699 3985 776 4031 τι
823 3949 1248 4052 nidva-9739.

523 4058 617 4135 V.
672 4062 800 4134 71.
853 4059 1048 4154 Quod
1097 4056 1435 4157 Spolmius
1485 4059 1790 4160 scripsit,
1842 4060 2113 4156 homini,
2164 4061 2248 4136 (le
2276 4087 2404 4160 quo
2453 4063 2564 4139 hic

324 4160 609 4259 loquitur
655 4161 1033 4256 Praxiuoa‚
1102 4163 1468 4263 ἄνθρωπε
1547 4164 1720 4257 «lici,
1772 4170 1849 4238 ut
1921 4164 2077 4236 alibi
2142 4165 2323 4266 ἄνερ
2338 4214 2365 4259 ,
2431 4191 2563 4241 uon

327 4272 431 4338 est
492 4274 797 4340 accurate
875 4267 1147 4340 (lictum.
1280 4264 1603 4366 Asperius
1682 4274 1786 4342 est
1865 4269 2271 4367 ἄνθρωπες
2351 4270 2593 4344 minus¹

331 4392 601 4465 aspera,
650 4367 786 4463 [sed
848 4376 1070 4442 tamen
1130 4393 1264 4443 uon
1326 4370 1663 4445 lenissima
1726 4371 2080 4474 appellatio
2146 4372 2565 4475 ω’νθρωπες

333 4473 676 4571 tranquilla
722 4479 820 4547 et
836 4472 1077 4547 blanda
1124 4475 1329 4575 ἄνερ.
