3275 5317
747 421 877 490 2⁵6
1364 423 1500 483 DE
1544 381 1919 482 FAevLA
1963 420 2358 491 ToGArA

748 611 872 684 que
921 587 1052 658 ista
1127 582 1562 681 explicatione
1611 582 1772 654 nihil
1823 579 2213 680 explicatur.
2332 582 2555 674 Quare
2605 582 2707 655 sic
2757 583 2969 680 potius

742 688 1162 785 integrandas
1215 711 1359 759 esse
1409 686 1517 758 hic
1566 686 1756 764 locus
1800 686 2085 758 videtur.
2118 681 2601 780 [orches-tra,
2657 684 2931 756 locus
2894 710 2976 756 tn

743 791 1077 884 theatro,
1129 789 1215 861 in
1263 788 1438 886 quo]
1495 797 1753 877 antea,
1804 787 1943 885 qui
1979 812 2186 860 manc
2213 786 2732 886 pla[nipede8,
2788 808 2980 882 age-

744 894 986 990 bant.]
1040 916 1196 965 non
1227 889 1837 963 admittebantur
1890 891 2182 986 [autem
2208 890 2368 962 nisi
2390 901 2695 963 tantum
2745 890 2976 988 inte]-

739 998 916 1087 rim,
970 997 1149 1068 dnm
1178 994 1514 1090 fabulae
1567 994 1700 1090 ex[
1707 993 2195 1093 placarentur
2238 994 2323 1065 in
2355 1005 2603 1083 actus,
2654 993 2741 1065 in
2795 1016 2977 1091 qnos

742 1101 1007 1196 aliter]
1062 1097 1449 1197 explicari
1488 1121 1646 1170 non
1690 1098 2146 1203 potera[nt].
2246 1095 2355 1171 Eo
2407 1099 2589 1171 ducit
2615 1096 2976 1172 Diomedes

736 1230 810 1306 p.
874 1207 1051 1279 487.
1113 1205 1236 1301 qui
1299 1179 1800 1300 appellationem
1866 1198 2231 1299 planipedis
2298 1200 2637 1299 explicans
2705 1196 2976 1274 scribit·

739 1307 891 1379 sive
920 1303 1147 1405 qnod
1196 1304 1375 1377 olim
1424 1328 1582 1376 non
1632 1303 1719 1376 in
1771 1313 2133 1397 suggestu
2177 1325 2474 1397 scenae,
2527 1302 2724 1374 sed
2685 1328 2771 1375 m
2790 1303 2980 1400 pla-

736 1434 838 1484 no
891 1409 1333 1483 orchestrae
1368 1406 1651 1504 positis
1715 1406 2247 1479 instrumentis
2313 1406 2635 1479 mimicis
2686 1406 2979 1478 actita-

739 1513 950 1587 bant.
1069 1512 1238 1586 Cum
1303 1512 1406 1584 his
1471 1511 1910 1608 comparanda
1974 1519 2163 1603 sunt,
2232 1535 2398 1607 quae
2468 1510 2643 1582 idem
2711 1511 2976 1583 uberius

738 1619 899 1691 dicit
947 1641 1017 1714 p.
1071 1619 1249 1689 489.
1297 1607 1589 1713 primis
1623 1623 1882 1685 antem
1948 1612 2408 1711 temporibus
2422 1666 2448 1706 ,
2516 1623 2608 1684 ut
2688 1612 2979 1691 asserit

750 1717 1260 1817 Tranquillus,
1313 1716 1573 1789 omnia
1587 1769 1612 1810 ,
1667 1741 1861 1815 quae
1927 1717 2013 1789 in
2076 1740 2304 1789 scena
2371 1726 2788 1791 versa-ntur
2799 1769 2827 1809 ,
2893 1716 2976 1788 in

736 1822 1130 1896 comoedia
1181 1820 1651 1914 agebantur.
1629 1847 1651 1865 ·
1704 1812 1889 1893 nam
1923 1819 2450 1921 pantomimus
2501 1830 2584 1891 et
2624 1818 2975 1919 pythau-

736 1927 869 1999 les
898 1936 981 1998 et
1027 1924 1430 1997 choraules
1479 1923 1566 1997 in
1618 1923 2011 1996 comoedia
2062 1923 2419 2018 agebant.
2526 1923 2722 2015 Quod
2770 1948 2971 2022 porro

736 2031 897 2104 dicit
946 2027 1412 2121 NeukircliiuS‚
1464 2029 1711 2099 ultimis
1776 2029 1914 2125 fere
1986 2028 2394 2125 temporibus
2452 2023 2684 2100 Sullae
2749 2027 2973 2125 plani·-

732 2133 936 2232 pedes
988 2157 1060 2205 se
1111 2155 1153 2205 a
1203 2129 1537 2204 comoedia
1587 2154 2008 2226 segregasse,
2063 2155 2144 2203 ac
2173 2131 2524 2250 separatim
2574 2149 2727 2201 suas
2778 2129 3009 2228 faba--

733 2237 834 2308 las
886 2260 1080 2332 agere
1132 2235 1463 2331 coepisse,
1512 2240 1692 2306 certe
1745 2257 1831 2305 ex
1880 2231 2223 2306 Diomedis
2268 2235 2439 2331 quod
2487 2234 2557 2303 in
2606 2233 2778 2306 hanc
2831 2256 2974 2305 rem

735 2339 1003 2413 affertur
1080 2337 1478 2410 testimonio
1521 2361 1592 2432 p.
1662 2338 1839 2408 489.
1932 2336 2083 2432 (per
2134 2360 2422 2409 errorem
2488 2336 2804 2433 scriptum
2876 2344 2974 2423 est

736 2443 922 2533 498)
990 2465 1151 2512 non
1204 2439 1457 2530 elucet,
1524 2439 1595 2508 in
1647 2461 1774 2534 quo
1843 2462 1969 2510 nec
2038 2441 2279 2512 mentio
2348 2437 2578 2513 Sullae
2629 2440 2812 2512 facta
2874 2446 2974 2512 est

733 2543 893 2635 ulla,
944 2567 1156 2639 neque
1199 2541 1458 2614 omnino
1486 2547 1768 2637 *tempus
1813 2541 2144 2622 indicatur
2192 2541 2367 2612 illius
2419 2543 2921 2637 segregationis.

802 2677 811 2685 ·
938 2644 1023 2717 P.
1087 2644 1204 2717 15.
1259 2643 1520 2715 disserit
1570 2642 2011 2724 Neukirchius
2040 2644 2120 2716 de
2170 2643 2565 2717 Rhinthonis
2615 2646 2973 2719 hilarotra-
3086 2678 3159 2742 χ,

732 2747 990 2848 goedia‚
1045 2749 1155 2821 cui
1203 2747 1428 2843 generi
1478 2746 1856 2819 adnumerat
1920 2745 2143 2819 Plauti
2212 2745 2751 2868 Amphitruonem
2764 2801 2791 2842 ,
2857 2773 2972 2821 re-

735 2862 843 2926 cte
936 2852 1286 2924 observans
1366 2875 1603 2922 nomen
1666 2850 2315 2969 tragicocomoediae
2405 2850 2488 2920 ab
2583 2851 2729 2949 ipso
2824 2877 2969 2924 esse

731 2955 970 3055 Plauto
1020 2955 1374 3027 inventum.
1477 2950 1723 3026 Forma
1771 2953 1903 3024 ista
1949 2954 2258 3025 nominis
2279 2976 2497 3050 prava
2529 2963 2668 3035 est.
2741 2951 2968 3041 Grae-

733 3059 841 3133 cis
912 3053 1553 3159 τραγοκωμῳὸία,
1640 3052 1906 3127 Latinis
2001 3055 2612 3148 tragicomoedta
2701 3058 2967 3131 dicitur.

735 3158 950 3252 Quod
977 3159 1080 3230 Io.
1135 3157 1537 3230 Laurentius
1587 3156 1817 3253 Lydus
1869 3167 2131 3252 narrat,
2195 3159 2636 3233 Rhinthonem
2684 3161 2970 3257 primum

735 3261 1104 3334 comoedias
1184 3261 1579 3332 hexametris
1644 3261 2027 3356 scripsisse,
2109 3268 2315 3359 eoque
2397 3269 2623 3335 ansam
2709 3263 2968 3337 dedisse

731 3362 998 3437 Lucilio
1081 3363 1316 3435 satiras
1396 3387 1590 3436 versu
1669 3363 1933 3436 heroico
2012 3365 2373 3458 scribendi,
2459 3368 2781 3441 intactum
2853 3392 2969 3440 re-

716 3467 922 3564 ⁴liquit
990 3464 1464 3576 Neukirchius.
1445 3493 1464 3510 ·
1566 3466 1694 3538 sed
1760 3467 2034 3540 reiicere
2090 3492 2250 3540 -eum
2324 3470 2450 3541 hoc
2522 3471 2968 3544 testimonium

734 3578 1006 3667 apparet
1056 3594 1143 3642 ex
1191 3595 1260 3667 p.
1272 3566 1442 3642 5.4
1493 3594 1621 3642 nec
1670 3593 1826 3642 sane
1878 3570 2227 3668 quidquam
2291 3572 2354 3643 ei
2403 3573 2540 3644 veri
2587 3573 2807 3646 inesse
2861 3574 2967 3646 vi-

457 3705 464 3712 ·
600 3734 603 3741 .
735 3673 946 3765 detur,
976 3672 1256 3790 quando
1307 3697 1514 3769 neque
1583 3672 1750 3744 alius
1816 3672 1987 3746 ullus
2052 3674 2242 3745 huius
2303 3675 2444 3746 rei·
2469 3675 2703 3765 auctor
2767 3686 2964 3751 notus

734 3783 859 3867 est,
912 3799 1049 3847 nec
1085 3774 1449 3870 fragmenta
1515 3799 1788 3874 quorum
1850 3777 2147 3865 notitiam
2210 3777 2520 3850 habemus
2585 3760 2714 3852 alio
2769 3805 2966 3877 quam

730 3877 1013 3951 iambico
1065 3878 1311 3976 scripta
1361 3886 1566 3952 metro
1618 3888 1794 3952 sunt.
1896 3859 2072 3953 Illud
2120 3888 2337 3952 tamen
2386 3905 2519 3953 non
2580 3881 2965 3957 incredibile

732 3989 858 4074 est,
912 3981 1253 4078 aliquando
1308 3982 1503 4054 etiam
1552 3983 1834 4057 heroicis
1875 3983 2166 4056 versibus
2192 4003 2383 4054 usum
2431 4007 2578 4056 esse
2626 3984 2965 4075 Rhintho-

730 4108 904 4176 nem,
960 4109 1156 4183 quum
1207 4085 1464 4181 quidem
1515 4086 1739 4183 epicos
1787 4093 2017 4183 poetas
2066 4087 2558 4184 perstringeret.
2675 4080 2963 4163 Videtur

730 4187 904 4260 enim
952 4196 1178 4283 poetas
1229 4188 1639 4285 potissimum
1689 4189 2082 4267 traduxisse.

760 4306 765 4310 ·
929 4287 1025 4361 Iis
1089 4292 1482 4409 argumentis
1495 4344 1523 4384 ,
1603 4292 1836 4392 quibus
1899 4288 2339 4366 Neukirchius
2422 4316 2494 4393 p.
2569 4240 2689 4367 18.
2770 4317 2957 4392 seqq.

733 4387 1048 4465 Romanis
1108 4393 1308 4469 etiam
1370 4392 1649 4491 Satyros
1710 4394 2039 4489 vindicare
2121 4394 2408 4483 studuit,
2486 4419 2619 4470 nou
2683 4397 2964 4533 multum
