3275 5317
723 457 851 528 148
935 481 940 486 ·
1508 457 1633 524 DE
1673 456 2159 526 AEscHYLl

927 620 1091 697 Sive
1141 619 1300 694 talia
1350 619 1552 714 dicta,
1608 619 1746 694 sive
1797 619 1972 719 quod
2009 620 2150 695 alio
2212 618 2409 694 modo
2471 619 2947 697 immoderatius

724 726 937 801 dolori
985 724 1349 820 indulgeret
1396 723 1894 821 reprehendenti
1959 724 2282 822 cuipiam,
2347 724 2627 798 fortasse
2689 721 2952 799 Antilo-

725 831 878 923 cho,
931 827 1366 925 respondebat
1412 823 1712 899 Achilles
1762 826 1929 899 haec
1943 879 1970 920 ,
2036 851 2204 924 quae
2269 827 2537 900 lexicon
2603 825 2953 916 Coislinia—

726 956 883 1005 ιιιιιιι
932 957 1002 1029 Ρ.
1056 933 1236 1003 469.
1290 930 1392 1024 (ιιι
1439 928 1736 1001 Bekkeri
1784 926 2044 1002 Anecd.
2097 955 2168 1027 p.
2226 933 2404 1023 321,
2440 935 2558 1003 19.
2611 930 2683 1003 ιιι
2730 930 2955 1005 Bach-

727 1035 948 1109 mauni
996 1034 1126 1106 vol.
1182 1031 1243 1103 Ι.
1294 1056 1364 1130 Ρ.
1419 1036 1496 1125 4,
1552 1035 1659 1123 3.)
1763 1029 2035 1126 Suidas,
2089 1032 2393 1105 Zonaras
2443 1059 2514 1132 Ρ.
2571 1036 2645 1107 8.
2697 1033 2956 1109 habent.

726 1136 1034 1210 Lexicon
1057 1134 1243 1228 illud,
1294 1135 1549 1232 plenius
1583 1133 1959 1232 explicans:
2017 1135 2480 1233 ἆβὸἔλυκτα·
2535 1134 2958 1232 ἆμύσακτα,

652 1229 691 1251 ”
731 1238 1086 1338 ἀμίαντα.
1139 1238 1235 1313 τοὶ
1286 1237 1391 1335 ιιὴ
1442 1235 1873 1336 μιαίνοντα,
1930 1237 1978 1312 ἃ
2035 1239 2173 1313 οὐκ
2226 1239 2326 1314 ἄν
2365 1268 2479 1322 τις
2504 1239 2960 1339 βδελυχθείη

729 1343 857 1419 καὶ
923 1338 1292 1437 ὃυςχεροέν
1294 1370 1411 1415 ειε.
1476 1340 1987 1470 τραγικωτέρα
2055 1338 2141 1417 δὲ
2204 1341 2252 1437 ἡ
2318 1341 2522 1488 λεξις.
2587 1340 2963 1440 Αἰσχύλος

732 1445 1012 1539 (Suidas
1062 1445 1242 1517 addit
1289 1440 1828 1543 Μυρμιδόσι)·

938 1612 1068 1658 και
1115 1578 1296 1681 μήν,
1351 1588 1548 1679 φιλῶ
1599 1576 1778 1684 γάρ,
1833 1580 2230 1679 ἅβὸέλυκτ’
2287 1581 2453 1681 ἐμοὶ
2500 1578 2703 1660 τάδε.

731 1720 1079 1794 Bekkerus
1142 1719 1367 1792 nescio
1434 1743 1557 1792 cur
1620 1717 1792 1791 hanc
1843 1726 1912 1791 et
1962 1718 2209 1792 codicis
2277 1728 2345 1793 et
2394 1717 2645 1794 Suidae
2697 1730 2765 1796 et
2815 1722 2969 1796 Zo-

732 1848 932 1897 narae
985 1824 1399 1921 scriptur-am,
1454 1845 1619 1919 quae
1670 1821 2009 1893 verissima
2059 1829 2162 1895 est
2173 1873 2200 1914 ,
2253 1824 2351 1896 sic
2400 1826 2787 1920 mutaverit,
2821 1825 2970 1901 καὶ

731 1928 885 2025 ιιὴν
938 1934 1132 2023 quac&
1183 1955 1268 2028 γε
1319 1921 1796 2023 κᾶβὸέλυκτά
1848 1953 1980 2021 μοι
2028 1921 2234 1999 τάδε.

934 2028 1328 2127 Deploranti
1374 2025 1732 2101 Antilocho
1787 2049 2041 2126 quoque
2104 2027 2402 2127 Patrocli
2467 2030 2713 2103 obitum
2779 2032 2970 2105 dice-

730 2134 844 2206 bat
892 2130 1228 2205 Achilles.
2156 2189 2159 2192 ,

928 2267 1297 2364 Ἀντιλοχ“
1352 2264 1788 2369 ἀποίμωξόν
1835 2298 1931 2367 με
1979 2276 2118 2345 τοῦ
2168 2267 2624 2366 τεθνηκότος

935 2371 1076 2447 τὸν
1129 2370 1378 2461 ζῶντα
1430 2379 1757 2469 μᾶλλον·
1811 2372 2019 2469 τάμὰ
2071 2372 2220 2475 γὰρ
2275 2372 2657 2470 διοίχεται.

732 2522 906 2596 Nam
955 2523 1121 2596 haec
1171 2524 1368 2596 verba
1438 2547 1634 2621 quum
1699 2520 2175 2623 Aristophanes
2225 2526 2295 2598 in
2358 2524 2735 2601 Ecclesiam
2791 2533 2971 2603 392.

734 2628 1000 2700 mutatis
1080 2634 1219 2702 τοῦ
1270 2623 1728 2722 τεθνηκότος
1793 2627 1864 2698 in
1927 2636 2065 2703 τοῦ
2115 2627 2539 2727 τριωβόλου
2612 2631 2973 2727 posuisset,

735 2730 1118 2803 scholiastes
1172 2730 1534 2804 adnotavit.
1588 2727 1797 2828 παρὰ
1847 2729 1944 2805 τοὶ
1996 2735 2073 2815 ἐξ
2120 2732 2505 2828 Αἰσχύλου
2549 2731 2975 2831 Μυρμιδό-

733 2854 933 2909 νων
981 2823 1486 2929 Ἀντίλοχ’,
1541 2830 2084 2928 αποίμωξόν
2134 2865 2240 2933 με
2291 2846 2455 2912 τοῦ
2506 2835 2975 2932 τεθνηκό
3011 2926 3014 2928 Α

731 2966 891 3020 τος
939 2936 1103 3012 τὸν
1158 2936 1459 3027 ζῶντα
1510 2945 1905 3032 μᾶλλον.
1960 2962 2190 3035 quem,
2257 2948 2334 3013 ut
2401 2940 2614 3013 solent
2677 2940 2976 3014 scholia-

738 3049 906 3131 stae,
957 3040 1209 3137 reliqua
1260 3041 1532 3113 secundi
1579 3064 1806 3113 versus
1860 3041 2078 3133 verba,
2132 3066 2313 3138 quae,
2346 3042 2493 3140 ipsa
2538 3067 2794 3141 quoque
2820 3041 2974 3116 Ae·-

644 3143 945 3249 l3schyli
994 3167 1139 3214 esse
1191 3144 1497 3215 credibile
1550 3151 1675 3235 est,
1730 3143 2025 3215 omisisse
2051 3152 2235 3240 puto.
2336 3142 2461 3219 Sic
2511 3146 2721 3218 visum
2770 3147 2974 3220 etiam

740 3243 880 3315 Th.
935 3240 1272 3317 Gatakero
1322 3242 1498 3317 Adv.
1564 3246 1755 3318 misc.
1828 3270 1898 3343 Ρ.
1954 3245 2130 3318 505.
2201 3245 2282 3320 G.
2350 3245 2792 3322 Scholiastam
2855 3275 2976 3323 se-

717 3354 978 3444 quutus
1030 3354 1131 3418 est
1180 3344 1425 3420 Suidas
1472 3348 1543 3419 in
1594 3345 2048 3445 αποίμωξον.
3032 3363 3039 3370 ’

942 3446 1259 3547 Spirabat
1309 3457 1525 3522 autem
1575 3451 1929 3558 vindictam
1978 3432 2275 3524 Achilles
2292 3504 2318 3545 ,
2372 3454 2561 3527 cuius
2613 3455 2971 3529 sumendae

736 3551 930 3649 copia
1004 3576 1199 3651 quum
1279 3577 1351 3624 se
1400 3553 1544 3650 ipse
1609 3549 1806 3625 armis
1876 3554 2012 3626 suis
2078 3553 2392 3629 Patroclo
2459 3558 2972 3654 commodandis,

737 3678 903 3751 quae
952 3656 1083 3726 iam
1133 3654 1388 3729 Hector
1435 3656 1847 3754 possidebat,
1914 3657 2274 3754 privasset,
2342 3660 2413 3731 id
2473 3661 2605 3733 illis
2672 3612 2972 3735 versibus

736 3755 966 3849 doluit,
1021 3757 1193 3856 quod
1242 3758 1624 3832 scholiastes
1689 3755 2154 3857 Aristophanis
2220 3762 2305 3833 ad
2367 3763 2529 3835 illud
2590 3763 2664 3835 in
2709 3761 2969 3838 Avibus

734 3886 800 3932 ι.
856 3862 1032 3935 808.
1098 3889 1323 3991 ‘cacvu
1384 3858 1528 3956 μὲν
1587 3859 2041 3961 ᾗκασμεσθα
2092 3862 2285 3939 κατὰ
2351 3864 2492 3942 τὸν
2553 3865 2979 3963 Αἰσχύλον.

735 3959 918 4038 ταδ’
974 3964 1115 4060 οὐχ
1164 3962 1289 4039 ὑπ’
1346 3965 1623 4054 ἄλλων,
1677 3966 1866 4042 αλλα
1919 3973 2080 4050 τοῖς
2131 3967 2391 4046 αὐτῶν
2439 3976 2760 4068 πτεροῖς,
2815 3997 2969 4046 ser-

734 4067 932 4162 vavit,
985 4067 1085 4141 sic
1136 4067 1465 4153 scribens.
1517 4071 1791 4153 ἐκεῖνος
1839 4098 1992 4173 γαρ
2042 4072 2522 4170 Λιβυστικὴν
2562 4073 2802 4171 αὐτὴν
2825 4104 2969 4153 κα-

737 4176 847 4243 λεῖ
889 4169 1340 4271 παροιιιίαν

940 4352 1046 4406 ως
1090 4321 1172 4399 δ’
1226 4327 1381 4401 ἔστι
1429 4320 1717 4424 μύθων
1764 4332 1924 4401 τῶν
1971 4328 2465 4424 Λιβυστικῶν
2514 4326 2757 4435 λόγος,

936 4427 1272 4530 πληγέντ’
1325 4425 1681 4532 ἀτράκτῳ
1731 4432 2001 4534 τοξικῷ
2050 4429 2190 4510 τὸν
2242 4431 2494 4511 αἰετὸν
