3275 5317
1025 493 1746 563 THEOCRITEAE.
2368 497 2498 563 11⁷

269 663 488 731 versus
539 677 692 732 cum
755 679 950 728 versu
983 617 1000 632 θ
1015 635 1166 730 25.ι
1208 655 1613 751 rectissime,
1678 655 1874 731 modo
1938 656 2314 733 emendetur
2382 685 2497 759 qm

267 766 485 859 aperte
535 759 807 832 vitiosus
859 765 961 831 est
1008 784 1078 833 v.
1129 762 1256 833 26.
1369 758 1453 832 Id
1500 759 1918 833 intellexerat
1970 758 2278 836 Graefius
2294 813 2324 857 ,
2376 763 2495 837 sed

267 886 393 936 non
437 861 722 936 feliciter
771 861 836 935 ei
884 862 1087 937 cessit
1136 863 1526 937 emendatio.
1630 863 1828 956 Quod
1873 862 2139 961 legitur,

565 994 980 1099 ὅμνᾶσθην
1026 998 1145 1076 ὅτι
1192 1000 1512 1101 πέρυσιν
1556 994 1772 1098 ἦσθα
1801 995 2187 1102 νεωτερος,

265 1138 328 1210 in
374 1160 457 1211 eo
510 1162 710 1235 quum
771 1161 899 1212 nec
949 1138 1354 1238 περρυσιν,
1404 1162 1533 1213 nec
1581 1138 1987 1235 πέρυσσιν,
2052 1164 2180 1214 nec
2228 1138 2494 1236 πέρυσΦ

267 1240 576 1314 eiusmodi
640 1240 764 1334 sit,
832 1248 910 1315 ut
972 1241 1219 1339 aliquid
1280 1240 1512 1314 horum
1573 1241 1839 1341 probari
1915 1265 2113 1340 posse
2175 1242 2495 1333 videatur,

265 1366 390 1417 uon
436 1342 647 1440 magis
699 1351 917 1417 autem
963 1344 1290 1418 Doricum
1338 1344 1663 1441 πέρυτις,
1715 1352 2289 1419 commemoratum
2330 1292 2495 1415 illud

266 1470 303 1518 a
346 1446 795 1544 grammaticis
843 1447 930 1520 in
961 1445 1257 1521 Bekkeri
1302 1446 1523 1521 indice
1586 1444 2081 1522 Auecdotorum
2130 1473 2195 1522 v.
2249 1447 2494 1546 ἄμφι-

265 1548 589 1645 κελεμνὶς
654 1556 723 1623 et
788 1545 1029 1626 αὗθιν
1043 1605 1065 1643 ,
1145 1550 1400 1624 admitti
1462 1551 1676 1650 possit
1688 1602 1716 1645 ,
1799 1557 2147 1626 succurrat
2208 1550 2491 1624 fortasse

266 1649 650 1750 Hesychius,
703 1653 879 1751 apud
929 1677 1121 1752 quem
1168 1654 1495 1726 invenitur
1542 1653 1942 1750 περσινὸν,
2000 1656 2291 1754 ἔφηβον
2353 1651 2493 1728 τὸν

268 1758 335 1841 ἐξ
382 1752 717 1856 ἐφήβων,
769 1755 882 1829 cui
928 1757 1177 1838 formae
1228 1756 1701 1854 quodammodo
1749 1755 1947 1837 fidem
1995 1757 2161 1830 facit
2209 1754 2490 1830 Erotia-

267 1881 380 1931 uus
427 1883 502 1959 p.
554 1857 735 1934 544.
785 1857 952 1932 haec
1000 1858 1287 1932 habens:
1338 1856 1693 1957 περσύας,
1747 1858 1787 1934 ὅ
1836 1858 2232 1957 περυσινὸς
2260 1859 2488 1946 οἶνος,

270 1961 422 2039 οἷον
468 1959 829 2060 περυσίας
874 1990 989 2047 τις
1027 1961 1457 2055 (1511.οω
1504 1961 1769 2063 repetiit
1813 1959 2207 2036 Favorinus.
2310 1960 2490 2035 Hine

271 2064 416 2139 licet
460 2065 820 2140 coniicere.

561 2202 717 2278 ἀλλ’
772 2199 999 2300 ἀπρὶξ
1049 2198 1315 2276 ἅπαλῶ
1368 2196 1789 2331 στόματός
1802 2223 1884 2276 σε
1933 2195 2387 2330 πεὸἕρχομαι

561 2300 956 2404 μνάσθην,
1009 2301 1171 2382 ὅττι
1218 2332 1299 2378 τε
1348 2303 1698 2404 περσινὸς
1746 2298 1960 2400 ἦσθα
2008 2299 2394 2433 νεώτερος,

550 2437 749 2506 χωτι
796 2406 1143 2511 γηραλέοι
1192 2406 1501 2506 πελομες
1549 2405 1735 2507 πρὶν
1786 2402 2237 2482 ἀποπτύσαι.

73 2543 74 2578 ¹
143 2571 149 2578 ·
278 2544 413 2618 Per
443 2554 535 2619 te
587 2556 936 2629 tenerum
986 2566 1073 2615 os
1124 2552 1367 2637 tuwm,
1416 2544 1653 2642 inquit,
1707 2541 2043 2617 obtestor
2089 2553 2189 2616 ut
2223 2543 2489 2615 memi-

279 2649 462 2725 neris
512 2660 590 2723 te
639 2658 725 2723 et
768 2646 1162 2747 superiore
1214 2669 1422 2719 anuo
1473 2646 1857 2719 henim-em
1885 2645 2174 2742 fuisse,
2229 2657 2310 2720 et
2331 2645 2487 2719 cito

280 2750 592 2827 homines
642 2774 1055 2825 senescere.
1160 2747 1564 2846 Μνάσθην
1610 2747 1929 2824 Aeolicus
1952 2748 2306 2823 infinitivus
2358 2758 2485 2842 est,

279 2863 346 2928 ut
385 2853 792 2956 μεθύσθην
840 2855 1016 2954 apud
1061 2851 1414 2928 Alcaeum.
1505 2852 1683 2925 Illud
1729 2882 1865 2950 περ
1873 2852 2078 2936 σινος
2125 2852 2351 2927 licebit
2379 2858 2486 2926 et·

281 2958 395 3033 iam
468 2961 568 3034 sic
643 2957 1100 3056 interpretari,
1190 2963 1268 3030 ut
1348 2956 1474 3049 sit,
1569 2980 1651 3029 eo
1718 2978 1911 3055 quem
2003 2979 2093 3028 ex
2150 2953 2481 3052 Hesychio

279 3063 603 3137 memoravi
652 3059 1022 3181 significatu
1071 3059 1341 3152 dictum,
1395 3058 1508 3156 qui
1556 3057 1752 3133 modo
1802 3083 1891 3132 ex
1938 3056 2202 3157 ephebis
2250 3079 2482 3155 egres-

285 3187 379 3237 sus
421 3174 545 3240 est.
645 3163 770 3240 Sic
820 3164 1017 3237 etiam
1063 3161 1310 3235 Pollux
1356 3160 1461 3235 Π.
1510 3166 1590 3235 9.
1637 3159 2070 3262 περυσινόν,
2120 3160 2260 3239 τὸν
2282 3160 2491 3292 ἄρτι

287 3267 567 3364 ἔφηβον.
684 3267 835 3341 Nisi
885 3266 1152 3365 scripsit
1222 3273 1444 3365 poeta
1436 3315 1464 3358 ,
1533 3263 1698 3341 ὅττι
1761 3294 1841 3340 τε
1892 3272 2222 3365 περσινῶ
2271 3258 2489 3359 ἦσθα

283 3368 644 3472 νεώτερος,
723 3368 927 3469 quod
1005 3391 1306 3464 egresso
1377 3391 1486 3440 ex
1565 3366 1866 3469 ephebis
1929 3390 2193 3442 mutor
2237 3366 2496 3463 fuisti

283 3474 586 3550 nondum
633 3495 1002 3570 egressus.
