3275 5317
1052 473 1172 538 AD
1213 474 1661 542 GALATAS
1704 483 1817 544 etc.
2413 475 2546 546 12⁵

310 633 483 710 enim
540 634 737 710 vestri
798 633 926 710 hoo
974 633 1125 709 libri
1184 636 1360 711 sacri
1408 644 1733 713 testantur
1748 690 1776 733 ,
1840 660 1963 739 per
2023 634 2220 714 fidem
2277 638 2546 739 probari

306 738 608 813 homines
660 737 808 814 deo.
909 736 1071 814 Ideo
1120 739 1529 839 praedictum
1578 748 1683 815 est
1730 738 2088 835 Abraamo,
2139 750 2409 843 propter
2453 740 2546 813 fi-

305 841 454 915 dem
507 842 655 914 eius
707 865 930 915 omnes
979 851 1207 940 gentes
1258 841 1343 915 ad
1389 844 1768 918 beatitatem
1820 852 2118 919 vocatum
2164 845 2275 920 iri.
2354 842 2544 942 Ergo

305 944 418 1042 qui
467 942 671 1019 fidem
719 944 982 1038 habent,
1032 946 1208 1019 beati
1254 945 1613 1019 redduntur
1659 971 1794 1019 una
1823 972 1975 1021 cum
2002 945 2362 1042 Abraamo,
2411 971 2546 1022 non
2592 951 2597 960 “

301 1047 415 1146 qui
467 1072 561 1120 ex
611 1048 757 1144 lege
804 1048 1018 1121 Mosis
1067 1048 1376 1147 pendent.
1498 1048 1595 1121 Hi
1658 1050 1830 1122 enim
1893 1051 2335 1125 exsecrationi
2394 1059 2549 1126 sunt

302 1150 606 1243 obnoxii,
673 1149 827 1248 quia
892 1160 1273 1224 exsecratus
1339 1159 1443 1226 est
1493 1151 1785 1250 quisquis
1849 1176 1984 1228 non
2047 1161 2265 1227 servat
2328 1153 2548 1228 omnia

301 1276 472 1350 quae
524 1253 677 1351 lege
726 1253 857 1326 ista
902 1254 1310 1353 praescripta
1357 1261 1533 1327 sunt.
1635 1254 1748 1327 Ea
1798 1256 2249 1330 exsecratione
2315 1256 2545 1330 exsol-

299 1356 394 1430 vit
442 1380 576 1430 nos
630 1354 930 1430 Christus
981 1381 1086 1450 eo,
1139 1357 1311 1455 qnod
1359 1358 1504 1456 ipse
1555 1382 1701 1431 eam
1761 1360 1834 1432 in
1883 1384 1958 1433 se
2021 1358 2348 1459 suscepit·
2415 1384 2546 1433 ex-

298 1467 639 1533 secratum
688 1459 860 1532 enim
907 1459 979 1532 in
1039 1460 1224 1532 libris
1275 1461 1482 1534 sacris
1531 1462 1852 1560 scriptum
1901 1469 2004 1536 est
2053 1486 2237 1555 esse,
2314 1462 2426 1561 qui
2472 1462 2547 1536 in

299 1586 506 1636 cruce
563 1563 980 1661 pependerit=
1029 1562 1100 1635 id
1148 1562 1310 1637 fecit
1359 1572 1579 1638 autem
1626 1573 1705 1637 ιιι
1734 1566 1949 1664 gratia
1975 1561 2294 1637 Abraami
2342 1589 2546 1639 even-

298 1672 439 1738 tum
490 1665 839 1741 haberet
815 1692 887 1738 ιιι
935 1665 1262 1762 gentihus,
1317 1691 1446 1766 quo
1495 1668 1952 1767 promissionis
2016 1667 2116 1742 illi
2180 1667 2374 1744 datae
2421 1692 2546 1768 per

298 1766 496 1842 fidem
553 1777 890 1867 compotes
936 1767 1266 1845 fieremus.

505 1870 597 1946 In
645 1872 748 1944 his
796 1873 913 1946 illa
959 1898 1025 1947 ι.
1081 1873 1155 1951 5.
1209 1872 1320 1956 οἷς
1368 1875 1530 1950 κατ’
1567 1873 2025 1977 ὀφθαλμοὺς
2044 1874 2326 1970 Ἰησοῦς
2366 1901 2542 1973 χρι·

299 1973 475 2059 στὸς
530 1973 974 2095 προεγράφη
1026 1977 1627 2074 ἐσταυρωμένος,
1694 1987 1763 2053 et
1826 1979 1909 2050 ab
1973 1976 2272 2051 Lnthero
2338 1986 2407 2051 et
2454 1976 2541 2053 ab

511 2078 621 2152 sic
679 2086 957 2178 accepta
1020 2103 1167 2152 esse
1230 2079 1418 2155 video
1434 2133 1460 2174 ,
1532 2081 1722 2178 quasi
1786 2081 1965 2155 dicat
2028 2079 2293 2179 quibus
2356 2089 2544 2151 ante

299 2179 565 2253 oculos
614 2179 843 2280 picta
907 2191 1028 2255 est
1083 2205 1343 2277 unago
1431 2182 1724 2257 cha-isti
1780 2181 2006 2257 cruci
2061 2181 2328 2279 affixi.
2443 2178 2545 2257 At

299 2283 516 2381 primo
573 2286 688 2384 qui
733 2282 1206 2387 προγράφειν
1252 2288 1383 2360 isto
1434 2286 1806 2384 significatu
1855 2287 2137 2381 dixerit,
2188 2287 2303 2362 vix
2350 2285 2543 2359 inve-

301 2387 556 2460 nietnr.
607 2412 760 2460 nam
812 2390 923 2486 qui
972 2414 1059 2462 ex
1109 2386 1571 2488 Aristophanis
1619 2388 1864 2465 Avium
1912 2417 1978 2464 ι.
2007 2391 2186 2465 450.
2238 2389 2544 2463 testimo-

302 2490 479 2564 nium
534 2492 926 2611 petiverunt,
978 2518 1106 2567 non
1158 2493 1459 2568 videntur
1519 2495 1888 2592 inspexisse
1937 2495 2087 2568 illos
2157 2516 2379 2568 versus
2394 2545 2420 2586 ,
2470 2491 2542 2564 in

305 2593 541 2692 quibus
594 2593 675 2666 de
726 2594 973 2692 scripto
1022 2596 1285 2695 publice
1349 2598 1689 2696 proposito
1756 2613 1972 2672 sermo
2040 2605 2166 2672 est.
2280 2594 2545 2670 Deinde

304 2720 483 2791 vero,
538 2704 616 2769 ιιι
664 2697 1098 2774 concedamus
1150 2700 1395 2772 dietum
1446 2725 1593 2774 esse
1639 2702 1773 2773 ista
1836 2707 2160 2797 potestate
2208 2700 2337 2773 hoc
2387 2723 2543 2773 ver-

304 2797 453 2874 bum
508 2807 553 2870 a
599 2797 838 2894 Paulo,
891 2802 1046 2898 quid
1093 2801 1221 2875 hoc
1272 2802 1356 2873 ad
1405 2827 1570 2894 rem,
1624 2803 1685 2874 si
1736 2804 1879 2900 quis
1910 2803 2202 2876 oratione
2235 2800 2336 2876 vel
2391 2825 2555 2874 ma·

307 2901 480 2976 xime
551 2901 637 2974 ad
699 2904 1196 2977 commovendos
1280 2905 1529 2978 animos
1594 2904 1775 2977 faeta
1839 2905 2026 2978 cruci
2091 2903 2360 2977 affixum
2419 2901 2541 2976 Ie-

308 3028 450 3078 sum
503 3000 929 3102 depinxerit?
1031 3004 1207 3078 Nam
1257 3005 1462 3079 etiam'
1504 3031 1671 3104 quae
1723 3031 2073 3105 numquam
2120 3007 2299 3080 facta
2348 3013 2539 3098 sunt,

306 3106 397 3182 ita
459 3109 770 3181 exornari
832 3108 1044 3182 verbis
1092 3117 1408 3208 possunt,
1461 3118 1538 3184 ιιι
1593 3109 2016 3194 ⁴vehementer
2077 3133 2541 3186 commovean-

305 3216 411 3282 tnr
460 3210 823 3283 audienteS.
878 3208 1165 3285 Gravius
1217 3211 1373 3308 quid
1423 3212 1767 3285 dicendum
1818 3221 1997 3306 erat,
2051 3220 2119 3287 et
2168 3213 2342 3311 quod
2381 3235 2537 3288 cer-

306 3319 438 3385 tam
485 3313 976 3411 persuasionem
1026 3312 1312 3386 afferret.
1413 3311 1623 3413 Atqui
1672 3315 1743 3387 id
1791 3316 1963 3389 inest
2008 3316 2078 3387 in
2118 3317 2333 3390 verbis
2376 3316 2590 3410 illiso

308 3416 367 3487 si
415 3416 700 3514 simplici
749 3424 820 3496 et
867 3417 1133 3515 propria
1175 3424 1502 3516 potestate
1546 3419 1726 3491 dicta
1776 3419 2208 3517 accipiuntur.
2334 3417 2543 3512 Quis,

308 3516 541 3616 inquit,
594 3541 725 3590 vos
756 3518 1223 3614 sasomamt,
1277 3519 1541 3617 quibus
1570 3531 1755 3594 ante
1805 3521 2064 3593 oculos
2097 3520 2541 3620 praedae-tio

295 3620 476 3714 fuit
525 3620 819 3695 cha-asta·
873 3647 959 3694 m
1025 3646 1331 3696 crucem
1395 3623 1726 3696 sublati?
1809 3622 1922 3698 Ad
1985 3627 2293 3702 vaticinia
2369 3626 2545 3702 enim

311 3725 770 3826 prophetarum
818 3736 1158 3848 provocat,
1209 3734 1285 3800 ιιι
1331 3725 1589 3801 firmum
1638 3728 2063 3827 disputationi
2111 3753 2271 3802 suae
2299 3729 2543 3802 funda-

313 3837 597 3901 mentum
643 3829 871 3923 iaciat,
922 3829 992 3902 in
1020 3830 1396 3961 primisque
1446 3831 1518 3902 in
1565 3839 1785 3906 mente
1831 3832 2029 3906 habet
2076 3833 2241 3907 illud
2283 3831 2545 3906 Iesaiae

314 3926 508 4004 LIII.
568 3935 689 4005 12.
742 3933 924 4009 ἄνθ’
994 3927 1106 4010 ὧν
1171 3929 1566 4034 παρεδόθη
1629 3940 1733 4019 εἰς
1802 3931 2152 4013 θάνατον
2218 3934 2265 4031 ἡ
2330 3933 2544 4036 ψυχὴ

57 4079 64 4166 't
320 4034 575 4123 αὐτοῦ,
625 4042 696 4109 et
746 4060 913 4157 quae
963 4044 1347 4136 sequuntur.

512 4136 906 4213 Praeterii
884 4167 956 4213 ιιι
1003 4141 1120 4213 illa
1169 4141 1603 4239 disputatione
1656 4166 1760 4237 ea,
1811 4165 1978 4242 qnae
2000 4140 2266 4272 scripsit
2317 4164 2378 4214 ι.
2418 4144 2453 4212 l
2470 4145 2540 4213 l

57 4171 64 4366 ξ
328 4241 441 4314 12.
492 4241 633 4316 ὅτι·
657 4240 742 4317 δε
792 4246 876 4319 ἐν
925 4240 1142 4343 νόμῳ
1193 4244 1440 4329 οὐδεὶς
1489 4243 1916 4323 δικαιοῦται
1964 4243 2171 4344 παρὰ
2224 4250 2336 4343 τῷ
2373 4248 2540 4343 θεῷ

322 4339 569 4437 δῆλον,
621 4374 736 4421 οτι
788 4345 828 4423 ὅ
897 4343 1187 4432 δίκαιος
1251 4351 1332 4422 ἐκ
1399 4345 1716 4433 πίστεως
1783 4345 2120 4445 ζήσεται,
2174 4347 2213 4423 ὅ
2266 4345 2352 4425 δὲ
2404 4345 2541 4425 νά·-

324 4473 454 4538 μος
502 4447 640 4523 οὐκ
692 4450 896 4527 ἔστιν
946 4453 1027 4527 ἐκ
1074 4451 1416 4538 πίστεως,
1470 4452 1639 4528 αλλ’
1694 4450 1736 4528 ὅ
1789 4447 2103 4549 ποιήσας
2154 4450 2351 4544 αὐτὰ
2408 4447 2537 4547 ζή-
