3275 5317
725 435 810 506 16
1526 437 2181 504 DE‘AESCHYLI

930 599 1517 701 Corruptissimam.
1562 608 1785 678 exstat
1830 602 2266 701 fragmentum
2313 593 2491 702 apud
2540 604 2962 681 scholiastam

722 703 1185 812 Aristophanis
1239 707 1324 779 ad
1373 706 1548 781 hunc
1597 731 1883 801 versum,
1938 708 2051 805 qui
2099 716 2205 782 est
2249 707 2323 780 in
2370 704 2626 782 Avibus
2678 712 2858 786 277.

924 857 1064 944 τίς
1088 860 1250 936 ποτ’
1307 860 1471 935 ἐσθ’
1502 857 1564 935 5
1617 856 2138 1064 μουσόμοὲκτις
2192 860 2469 945 α’τοπος
2539 861 2749 962 ὄρνις
2800 863 2962 962 ὅρια

2010 992 2232 1059 ατης,

718 1113 825 1188 Ibi
871 1115 985 1188 ille
1035 1115 1221 1190 haec
1255 1115 1449 1190 dicit·
1503 1114 1545 1191 5
1582 1109 2126 1214 μουσόμαντις,
2178 1147 2218 1192 ο
2192 1113 2676 1247 κομπώδης.
2708 1127 2980 1195 τοιοῢ-·

717 1247 837 1294 τοι
885 1218 1036 1320 γὰρ
1091 1221 1163 1294 οἱ
1210 1216 1520 1318 μάντεις
1568 1219 1699 1295 καὶ
1751 1221 1823 1294 οἱ
1847 1218 2141 1315 ποηταί.
2174 1221 2451 1305 ἄτοπος
2496 1222 2727 1322 ὄρνις.
2779 1230 2963 1299 τοῦ-

715 1349 811 1398 το
859 1323 1062 1398 εἶπεν
1112 1329 1216 1407 εἰς
1265 1322 1352 1398 τὸ
1405 1322 1822 1423 τερατῶδες
1873 1332 2011 1399 τοῦ
2065 1321 2383 1422 ὄρνιθος
2435 1323 2795 1425 ἀφορῶν,
2864 1355 2960 1402 ου

715 1422 803 1500 δὲ
859 1423 1131 1522 (legitur
1181 1422 1439 1521 οὐδὲν)
1491 1426 1681 1524 πρὸς
1731 1426 1817 1515 τὸ
1889 1426 2398 1525 προκείμενον.
2469 1426 2678 1527 παρὰ
2742 1427 2829 1505 τὸ
2885 1431 2965 1514 ἐξ

710 1529 1079 1606 Ἠδωνῶν
1124 1526 1568 1626 Αἰσχύλου·
1655 1528 1734 1604 τί
1796 1532 1959 1605 ποτ’
2031 1532 2239 1606 ἔσται
2307 1530 2347 1607 5
2416 1528 2956 1630 μουσόμαντις.

720 1634 1011 1716 ἄλαλος.
1069 1632 1444 1734 ἄβρατευς
1514 1634 1610 1710 ὃν
1664 1633 1940 1709 σθένει.
2060 1631 2347 1707 suidas:
2414 1632 2961 1732 μουσόμαντις,

562 1757 573 1765 “
715 1732 1141 1835 κομπώδης.
1195 1745 1524 1813 τοιοῦτοι
1589 1736 1740 1840 γὰρ
1808 1766 1879 1812 οι
1943 1733 2253 1867 μάντεις
2316 1767 2448 1813 και
2512 1740 2584 1814 οἱ
2634 1739 2959 1835 ποιηταί.

714 1837 962 1967 παρα
988 1838 1075 1914 τὸ
1159 1842 1237 1926 ἐξ
1284 1840 1667 1916 Ἠδωνῶν
1728 1836 2150 1937 Αἰσχύλου·
2232 1839 2348 1926 τίς
2412 1843 2571 1917 ποτ’
2642 1844 2851 1918 ’ἔσται
2912 1842 2959 1917 5

714 1938 1235 2042 μουσόμαντις
1287 1945 1507 2028 ἄλλος
1560 1940 1961 2065 asspatsw:
2064 1942 2202 2017 Pro
2255 1947 2476 2030 ἄλλος
2527 1945 2740 2019 codex
2788 1943 2968 2019 Sui-

717 2047 840 2119 dae
887 2043 1264 2140 Leidensis,
1318 2047 1400 2119 de
1452 2071 1581 2145 quo
1631 2070 1738 2118 me
1791 2047 2137 2120 certiorem
2163 2049 2324 2122 fecit
2353 2046 2718 2142 Seidlerus,
2773 2050 2964 2125 ἄλα-

715 2155 866 2242 λος,
919 2157 993 2223 ut
1044 2150 1429 2223 scholasteS.
1534 2148 1914 2223 Brunckius
1966 2150 2049 2221 ad
2076 2147 2348 2223 Avesv
2350 2155 2508 2225 27
2512 2156 2584 2226 6
2638 2152 2965 2226 comicie-
3031 2192 3038 2198 ¹

712 2252 855 2345 bat,
908 2250 1021 2336 τίς
1071 2254 1234 2328 ποτ’
1294 2254 1454 2329 ξ”σθ
1512 2251 1553 2328 5
1606 2249 2165 2383 μουσόμαντις,
2221 2254 2533 2342 ἄλαλος,
2602 2255 2962 2353 ἄβροτος,

715 2355 810 2432 ὃν
859 2356 1109 2446 θένε-ις
1159 2355 1483 2449 Rufinus,
1512 2352 2962 2454 &Lai-09,5s2'959,c³2‹519w259.ReisigiuS,

715 2458 831 2557 qui
878 2460 967 2531 ad
1025 2459 1339 2557 Xenoph.
1415 2457 1678 2533 Oecon.
1742 2485 1813 2558 p.
1868 2461 2050 2532 228.
2111 2459 2435 2534 Brunckii
2499 2462 2826 2558 ἄβροτος
2890 2469 2965 2534 et

715 2562 926 2639 θενὲι
986 2587 1123 2636 non
1186 2564 1543 2660 probabat,
1624 2564 1695 2635 in
1763 2572 2111 2637 comment.
2181 2563 2337 2639 crit.
2405 2564 2490 2635 ad
2556 2560 2732 2640 Oed.
2802 2560 2961 2637 col.

622 2745 627 2754 ί
724 2665 946 2740 1050.
998 2691 1069 2764 Ρ.
1126 2668 1304 2739 328.
1336 2667 1702 2763 legendum
1753 2667 2105 2759 censebat,
2156 2664 2271 2750 τίς
2297 2667 2457 2742 ποτ’
2492 2667 2653 2742 ἔσθ’
2691 2665 2731 2742 5
2761 2695 2959 2765 μου-

717 2766 1104 2868 σόμαντις,
1159 2769 1470 2858 ἄλαλος,
1527 2770 1889 2869 ἅβροπος,
1943 2773 2027 2846 ἐν
2079 2770 2370 2870 στέφε-υ
2435 2769 2622 2862 Quae
2686 2793 2732 2844 a
2778 2768 2959 2843 Per-

712 2898 872 2971 gero
923 2873 1011 2946 ad
1059 2872 1459 2969 Hesychium
1508 2899 1574 2946 v.
1631 2875 2014 2973 ἄβαοκνα,
2067 2882 2134 2948 et
2182 2896 2228 2947 a
2276 2873 2638 2948 Welckero
2686 2874 2760 2945 in
2798 2870 2959 2970 ΑΡ-

710 2976 989 3078 pendice
1039 3002 1109 3074 Ρ.
1172 2982 1207 3048 1
1225 2981 1342 3051 13.
1398 2976 1509 3073 qui
1561 2975 1643 3048 de
1694 2972 1929 3049 Sileno
1980 3000 2342 3049 sermonem
2374 3001 2521 3049 esse
2551 2977 2727 3049 sibi
2705 3000 2775 3047 ιιι
2805 2976 2959 3048 ani-

708 3105 919 3154 ιιιιιιιι
937 3079 1219 3171 induxit,
1271 3078 1530 3177 prolata
1579 3085 1759 3169 sunt,
1814 3078 2031 3150 sciens
2080 3086 2478 3174 praetereo.
2551 3077 2958 3151 Latissimus

709 3182 822 3256 hic
872 3181 1269 3254 coniecturis
1321 3201 1593 3275 campus
1644 3186 1867 3275 patet.
1920 3175 2039 3251 sed
2081 3187 2379 3277 apertum
2410 3186 2511 3251 est
2538 3180 2699 3251 nihil
2729 3202 2955 3277 agere,

711 3285 773 3357 si
823 3284 968 3381 quis
1019 3282 1179 3354 satis
1231 3278 1415 3353 ducit
1462 3280 1661 3353 verba
1710 3303 1994 3376 ponere,
2052 3304 2216 3377 quae
2268 3289 2337 3354 et
2388 3279 2655 3356 Graeca
2702 3283 2838 3356 sint
2885 3294 2960 3358 et

710 3395 920 3460 metro
973 3385 1385 3476 conveniant,
1439 3382 1569 3454 nisi
1620 3382 1876 3476 afferat,
1958 3384 2133 3480 quod
2182 3391 2456 3482 propter
2502 3394 2958 3483 argumentum

710 3490 969 3563 fabulae
1021 3488 1305 3585 aliquam
1354 3485 1830 3584 probabilitatis
1871 3487 2163 3584 speciem
2201 3488 2552 3562 ostendat.
2627 3486 2956 3566 Μουσό-

709 3619 994 3691 μαντιν
1044 3616 1243 3689 quum
1293 3590 1679 3663 scholiastes
1729 3587 1868 3665 τὸν
1916 3585 2295 3689 κομπώδη
2332 3589 2705 3688 significare
2746 3592 2955 3687 dicat,

714 3696 886 3793 quod
935 3696 1064 3768 hoc
1114 3700 1334 3766 vatum
1384 3693 1472 3767 sit
1522 3699 1590 3766 et
1637 3700 1980 3791 poetarum
2034 3693 2283 3787 vitium,
2332 3693 2577 3766 nemini
2623 3718 2757 3766 non
2806 3701 2953 3767 sta-

710 3800 832 3873 tim
877 3799 951 3871 in
999 3803 1281 3870 mentem
1330 3795 1571 3889 veniet,
1626 3819 1820 3894 quem
1870 3820 1952 3870 co
2001 3797 2263 3870 nomine
2328 3796 2764 3892 designaverit
2810 3794 2952 3871 Ae-

711 3902 998 3999 schylus,
1038 3897 1397 3997 ‚Orpheum
1447 3923 1617 3971 esse.
1721 3897 1921 3972 Hunc
1971 3901 2169 3992 enim,
2222 3906 2298 3973 ut
2338 3898 2691 3993 videtur,
2666 3924 2739 3971 ιιι
2787 3924 2952 3999 pro-

711 4007 917 4078 xima·
939 4003 1161 4077 fabula
1211 4025 1254 4074 a
1301 4000 1764 4076 Bassaridibus
1796 4002 2194 4100 discerptum
2221 4001 2408 4075 fecit.
2507 3999 2743 4101 Neque
2792 4027 2950 4078 vero

709 4107 1167 4206 negligendum
1214 4112 1401 4204 puto,
1455 4103 1630 4203 quod
1681 4111 1750 4178 et
1798 4104 2181 4179 scholiastes
2233 4111 2302 4178 et
2326 4101 2572 4178 Suidas
2620 4105 2735 4192 τίς
2784 4106 2945 4181 ποτ’

715 4213 923 4286 ε’σται
973 4209 1249 4283 habent.
1303 4231 1499 4305 quam
1547 4207 1940 4306 scripturam
1988 4209 2114 4281 etsi
2162 4207 2396 4281 falsam
2446 4232 2593 4283 esse
2642 4208 2817 4284 veI‘
2792 4208 2950 4281 uni-

713 4313 877 4389 tatio
928 4311 1389 4412 Aristophanis
1438 4316 1787 4404 monstrat,
1838 4316 2059 4386 tamen
2123 4336 2212 4385 ex
2265 4334 2349 4388 ea
2412 4312 2654 4387 coniici
2701 4319 2947 4412 potest,
3019 4406 3050 4412 „

715 4417 1133 4492 scholiastam
1183 4416 1347 4492 5:³03
1402 4414 1443 4491 5
1494 4438 1618 4516 pro
1670 4414 1879 4493 ἔσται
1927 4412 1972 4490 5
2039 4414 2284 4491 dictum
2350 4416 2730 4493 credidisse.
2831 4410 2950 4489 Ex
