3275 5317
713 487 1083 556 ouum
1125 466 1376 552 Posi·
1418 486 1794 551 onl‘rvlu
1833 486 2187 552 nncrm.
2427 488 2558 554 313

305 653 637 730 succedat
684 652 852 727 alius
902 652 1054 746 alii,
1124 676 1335 750 neque
1397 651 1908 750 interrumpatur
1972 652 2131 725 ordo
2196 675 2556 751 cursusque

304 758 757 855 negotiorum.
870 755 1122 830 Verum
1192 757 1317 828 etsi
1383 755 1482 828 sic
1561 780 1789 828 omnes
1874 754 2182 854 deinceps
2266 756 2556 828 cedimus

305 862 497 954 aliis,
546 860 984 957 memoriaque
1035 859 1331 933 obruitur
1378 858 1777 954 singulorum
1793 910 1818 951 ,
1872 867 2090 931 tamen
2140 858 2402 956 pietatis
2452 865 2557 931 est

307 965 698 1037 meminisse
750 987 999 1055 eorum,
1054 964 1167 1059 qui
1208 969 1513 1033 aeternae
1562 962 1698 1062 legi
1747 962 2034 1034 debitum
2085 962 2558 1058 persolverunt,

305 1068 710 1166 praesertim
762 1067 822 1138 si
872 1066 1176 1139 desiderii
1226 1066 1433 1136 iustas
1485 1088 1754 1137 caussas
1805 1064 2229 1162 reliquerunt.
2298 1062 2559 1137 Idcirco

308 1179 385 1243 et
438 1170 602 1242 mihi
650 1169 780 1269 ipsi
830 1177 898 1241 et
946 1169 1155 1261 vohis,
1205 1168 1557 1240 venerandi
1623 1168 1914 1263 collegae
1925 1219 1950 1259 ,
2017 1168 2366 1264 vobisque,
2436 1168 2565 1238 hu-

305 1273 683 1346 manissimi
731 1272 1084 1363 candidati,
1135 1271 1394 1369 iniquus
1444 1294 1802 1369 parumque
1868 1295 2120 1342 memor
2183 1267 2385 1342 officii
2433 1270 2564 1343 mei

314 1401 473 1449 esse
525 1376 806 1468 viderer,
859 1376 989 1446 nisi
1033 1374 1162 1447 hac
1204 1374 1497 1471 quamvis
1529 1374 1705 1446 laeta
1732 1374 1802 1444 in
1833 1374 2145 1470 panegyri
2174 1372 2566 1445 mentionem

309 1479 614 1553 facerem
665 1479 807 1551 eius
856 1478 1004 1569 viri,
1059 1502 1251 1575 quem
1301 1476 1383 1549 de
1434 1477 1660 1549 ordine
1710 1485 1934 1550 nostro
1988 1476 2194 1573 deque
2261 1476 2566 1548 universa

309 1579 689 1655 Academia
735 1582 997 1677 longam
1045 1605 1168 1678 per
1217 1580 1453 1653 seriem
1514 1604 1831 1674 annorum
1876 1580 2214 1678 praeclare
2262 1579 2565 1652 meritum

310 1709 536 1783 nuper
584 1709 763 1757 mors
814 1685 1001 1758 nobis
1057 1684 1320 1783 eripuit.
1423 1680 1649 1756 Nolim
1700 1692 1916 1756 tamen
1967 1708 2083 1755 vos
2151 1690 2564 1780 exspectare,

311 1813 427 1861 me
481 1786 710 1860 laudes
759 1788 934 1859 illius
986 1787 1110 1860 viri
1175 1788 1302 1860 hac
1352 1787 1646 1862 oratione
1696 1787 2002 1885 persequi
2051 1786 2123 1857 in
2173 1788 2388 1859 auimo
2440 1786 2567 1860 ha·-

309 1891 505 1964 bere.
607 1887 763 1964 Non
814 1915 936 1987 ego
992 1890 1063 1962 id
1116 1891 1275 1962 mihi
1324 1915 1584 1986 arrogo,
1636 1898 1715 1963 ut
1762 1914 1868 1962 me
1932 1896 2155 1986 putem
2220 1896 2334 1960 aut
2368 1885 2566 1961 'recte

265 2003 272 2008 “
314 1995 491 2068 satis
558 2001 673 2067 aut
740 1994 933 2090 digne
1001 1993 1333 2067 celebrare
1399 2017 1596 2091 posse
1663 1993 2034 2089 ingenium,
2109 1991 2282 2089 quod
2345 1992 2417 2063 iu
2483 2015 2564 2064 eo

314 2097 639 2172 eximium
688 2097 848 2187 fuit3
903 2096 1290 2190 doctrinam,
1359 2120 1525 2197 quae
1590 2096 1717 2168 fuit
1783 2095 2182 2193 amplissima
2246 2095 2565 2193 planeque

289 2200 763 2290 'admirabilis;
831 2200 1063 2272 merita
1077 2251 1103 2292 ,
1188 2224 1354 2298 quae
1432 2207 1534 2273 tot
1598 2206 1908 2297 tantaque
1975 2198 2274 2290 fuerunt,
2345 2205 2416 2270 ut
2479 2222 2565 2271 ne

316 2304 695 2378 enumerari
745 2304 1029 2400 quidem,
1082 2303 1321 2375 nedum
1371 2303 1834 2376 convenienter
1897 2301 2151 2372 laudari
2213 2325 2410 2399 posse
2459 2302 2565 2374 vi-

313 2407 626 2480 deantur.
728 2404 904 2477 Illnd
953 2414 1204 2479 tantum
1258 2405 1666 2504 propositum
1715 2403 1950 2496 haheo,
2002 2404 2233 2501 pietati
2298 2429 2386 2475 ex
2437 2402 2567 2476 ali·-

315 2534 457 2609 qua
504 2516 694 2608 parte
745 2506 1124 2582 satisfacere
1177 2535 1377 2604 quum
1425 2516 1722 2582 nostrum
1787 2507 2072 2580 omnium
2087 2559 2113 2600 ,
2178 2516 2317 2581 tum
2381 2531 2568 2581 meae

314 2614 562 2715 ipsius,
615 2611 725 2708 qui
775 2607 960 2682 illum
1011 2610 1395 2683 adolescens
1445 2612 1823 2707 magistrum
1840 2662 1866 2703 ,
1934 2618 2088 2708 post
2152 2611 2218 2682 in
2271 2612 2567 2685 omnibus

318 2741 493 2815 quos
542 2718 615 2787 in
663 2710 1025 2786 Academia
1075 2721 1303 2786 nostra
1354 2721 1792 2811 consequutus
1843 2738 1988 2785 sum
2038 2713 2358 2786 honorum
2407 2739 2566 2810 gra-

319 2820 518 2893 dihus
568 2825 830 2909 testem,
883 2816 1214 2910 comitem,
1267 2816 1626 2889 adiutorem
1678 2815 1897 2887 habui.
2003 2812 2128 2888 Sic
2174 2824 2389 2889 autem
2442 2841 2571 2890 ex-

309 2945 570 3021 sequar
618 2920 780 2992 illud
831 2917 1144 3011 officium,
1196 2927 1295 3011 ut,
1350 2919 1523 3017 quod
1573 2918 1685 2991 hic
1737 2918 1876 2989 dies
1906 2926 2101 3016 atque
2127 2919 2290 2991 haec
2321 2920 2570 2992 solem-

309 3027 499 3112 ,nitas
566 3048 673 3096 me
738 3024 958 3096 facere
1022 3023 1397 3121 postulant,
1478 3021 1662 3095 vobis
1676 3073 1702 3114 ,
1786 3021 2114 3094 candidati
2181 3022 2567 3117 doctissimi,

325 3129 503 3228 quod
556 3127 642 3200 ad
694 3126 913 3199 studia
936 3133 1157 3199 vestra
1179 3134 1364 3199 recte
1394 3134 1589 3223 atque
1623 3124 1873 3197 utiliter
1904 3126 2354 3223 persequenda
2403 3152 2570 3223 pro-
2708 3180 2713 3184 -

324 3234 620 3306 futurum
670 3230 960 3322 credam,
1014 3230 1095 3301 ab
1146 3229 1322 3301 illius
1373 3253 1582 3326 nuper
1633 3228 1927 3325 collegae
1977 3230 2190 3302 nostri
2251 3231 2572 3303 recorda-

325 3336 505 3410 tione
554 3341 871 3431 repetam.
990 3331 1165 3405 Nam
1230 3333 1546 3424 eruditio,
1637 3357 1767 3430 quo
1834 3357 1966 3405 uno
2034 3333 2294 3405 nomine
2347 3358 2570 3406 omnes

325 3464 490 3537 quas
540 3438 612 3530 in
660 3437 919 3510 homine
969 3436 1257 3510 litterato
1311 3437 1470 3509 sitas
1522 3436 1670 3509 es'se
1706 3436 1992 3508 virtutes
2047 3444 2306 3533 oportet
2370 3437 2572 3509 intel-

326 3542 613 3639 ligimus,
667 3564 865 3637 quum
913 3540 1016 3612 his
1067 3540 1276 3612 trihus
1324 3540 1520 3613 rebus
1573 3540 2010 3632 contineatur,
2066 3540 2364 3611 doctrina
2379 3592 2404 3632 ,
2458 3539 2571 3612 in-

327 3646 546 3742 genio,
599 3644 855 3715 liberali
905 3644 1123 3717 cultu:
1194 3645 1423 3715 harum
1500 3644 1680 3718 nulla
1745 3651 1848 3716 est
1916 3668 2081 3739 quae
2132 3642 2213 3742 in·
2258 3640 2418 3714 Chr.
2469 3640 2567 3715 D.

327 3748 586 3822 Beckio
638 3772 771 3819 non
820 3747 1018 3820 fuerit
1070 3748 1311 3820 eximia
1364 3772 1444 3820 ac
1496 3748 1691 3844 plane
1744 3747 2118 3843 singularis.
2222 3742 2446 3844 Atque
2498 3753 2573 3819 ut

330 3852 588 3948 singula
616 3850 846 3947 paucis
871 3850 1224 3947 attingam,
1278 3850 1694 3923 historiarum
1735 3850 1846 3921 ille
1877 3851 2084 3922 omnis
2112 3849 2254 3922 aevi
2290 3850 2571 3921 immen-

330 3980 476 4029 sum
519 3954 829 4026 ambitum
865 3953 961 4026 ita
988 3962 1130 4027 erat
1173 3954 1486 4026 memoria
1500 4004 1524 4044 ,
1594 3977 1724 4050 qua
1781 3951 2196 4025 tenacissima
2241 3953 2567 4045 utebatur,

330 4058 739 4155 complexus,
769 4063 844 4127 ut
873 4082 1004 4129 non
1035 4058 1245 4131 solum
1272 4081 1378 4130 res
1410 4063 1628 4152 gestas
1662 4056 2091 4160 populorum,
2143 4055 2568 4151 institutaque

330 4163 621 4259 gentium
651 4160 917 4257 antiqua
948 4169 1014 4233 et
1041 4186 1234 4253 nova,
1265 4160 1379 4233 sed
1402 4160 1596 4232 etiam
1624 4160 1906 4252 litteras,
1937 4160 2426 4255 litterarumque
2456 4160 2570 4230 iu-

333 4272 666 4338 crementa
682 4265 1053 4360 variamque
1069 4265 1392 4337 fortunam
1407 4271 1661 4339 teneret
1692 4271 1886 4361 atque
1910 4264 1980 4334 in
2000 4269 2336 4334 numerato
2360 4261 2569 4334 habe-

331 4376 472 4441 ret:
528 4367 684 4468 quid
713 4374 930 4439 autem
963 4366 1042 4439 de
1069 4368 1183 4439 illo
1215 4391 1455 4464 genere
1488 4367 1728 4460 dicam,
1762 4366 1936 4464 quod
1962 4366 2067 4439 vel
2095 4365 2306 4440 solum
2332 4362 2570 4437 infiniti

332 4470 574 4546 laboris
603 4478 728 4565 est,
759 4471 933 4568 quod
975 4470 1046 4543 in
1096 4471 1416 4545 ecclesiae
1452 4467 1860 4546 Christianae
1885 4471 2106 4544 litibus
2139 4477 2208 4543 et
2236 4468 2571 4566 discepta-
