3275 5317
918 435 1708 546 urnurnomavs
1751 489 1863 552 ete.
1904 555 1909 559 ,
2401 483 2533 553 147

313 643 538 723 amoris
589 640 1160 738 memorationem,
1225 642 1344 718 sed
1407 643 1584 742 quod
1644 642 2027 719 Patroclum
2089 644 2172 720 ab
2235 639 2527 743 Achille,

313 773 432 823 non
475 748 652 822 hunc
700 770 745 819 a
791 745 1106 822 Patroclo
1157 755 1442 820 amatum
1506 745 1773 821 finxerit
1786 799 1814 841 ,
1882 744 2281 846 Aeschylum
2344 752 2526 824 vitu-

311 849 522 953 perat»
596 847 975 946 Αἰσχύλος
1040 848 1125 926 δὲ
1190 857 1517 950 φλυαρεῖ
1585 847 1910 951 φάσκων
1950 852 2297 948 Ἀχιλλέα
2348 858 2526 929 Πα-
2648 945 2657 956 .

308 950 612 1054 τρόκλου
681 956 889 1053 ἐρᾶν,
945 951 1031 1037 ὃς
1078 949 1177 1049 ἧν
1224 952 1552 1030 καλλίων
1575 1009 1578 1010 f
1600 954 1697 1030 οὗ
1745 951 1990 1052 μόνον
2041 953 2523 1055 Πατρόκλου,

309 1055 481 1134 ἀλλὰ
548 1056 681 1132 καὶ
758 1064 921 1133 τῶν
984 1052 1259 1155 ἡρώων
1326 1049 1733 1143 ἁπάντων,
1798 1055 1927 1132 καὶ
1991 1058 2117 1135 ἔπ’
2169 1060 2525 1162 ἀγένειος,

307 1161 540 1236 ἔπειτα
589 1155 951 1259 νεώτερος
999 1154 1219 1254 πολύ,
1274 1157 1376 1245 ῶς
1427 1178 1663 1260 φησιν
1690 1159 2045 1260 ’Όμηρος
2151 1161 2342 1255 Quae
2369 1188 2527 1237 ver-

305 1264 383 1338 ba
425 1287 468 1336 a
514 1260 961 1358 Valckenario
1011 1263 1286 1361 aliisque
1334 1288 1456 1362 pro
1507 1264 1924 1337 adnotatione
1950 1261 2342 1339 scholiastae
2393 1267 2527 1339 ali-

306 1367 477 1442 cuius
526 1366 777 1460 habita,
825 1366 957 1465 ipsi
980 1363 1248 1440 Platoni
1295 1366 1710 1441 vindicarunt
1759 1367 1872 1439 alii
1889 1393 1912 1439 ε
1978 1368 2061 1441 de
2111 1392 2241 1466 qua
2288 1394 2365 1443 re
2415 1370 2527 1443 ‹li-

301 1471 396 1543 xit
452 1466 931 1543 Stallbaumius
997 1469 1070 1541 in
1135 1467 1442 1567 Dialogis
1506 1469 1775 1543 selectis
1847 1470 1981 1544 vol.
2046 1467 2109 1545 Ι.
2187 1479 2356 1545 sect.
2422 1471 2525 1547 Π.

300 1598 362 1673 1).
410 1576 533 1645 46.
655 1571 928 1645 Tacens
992 1572 1065 1644 in
1127 1580 1344 1646 mente
1405 1573 1631 1646 habuit
1693 1570 2093 1669 Aeschylum
2159 1568 2528 1650 Aeschines

301 1699 388 1750 or.
437 1676 506 1747 in
556 1667 991 1749 Timarchum
1058 1683 1124 1764 §.
1186 1678 1353 1748 142.
1471 1673 1874 1773 Fragmenta
1937 1672 2285 1774 Aeschyli,
2359 1703 2528 1777 quae

300 1777 373 1851 (le
415 1779 529 1852 illo
581 1801 805 1851 amore
855 1777 1193 1872 habemus,
1245 1777 1411 1852 haec
1464 1786 1639 1851 sunt.
1743 1775 2125 1853 Athenaeus
2188 1778 2399 1855 XIII.
2449 1806 2522 1880 p.

299 1884 460 1956 602.
508 1875 606 1955 Ε.
658 1876 1032 1978 Αἰσχύλος
1082 1878 1168 1956 δὲ
1220 1880 1349 1955 καὶ
1386 1888 1791 1982 Σοφοκλῆς
1824 1881 2282 1983 ἀναφανδὸν
2335 1886 2524 1985 ἔφα-

297 2011 464 2063 σαν.
517 1986 565 2061 ὃ
616 1981 761 2083 μὲν
811 1979 1301 2084 Μυρμιδόσι·

590 2121 819 2221 σέβας
868 2118 954 2197 δὲ
1002 2128 1274 2220 μηρῶν
1323 2119 1566 2224 ἁγνὸν
1616 2094 1757 2197 οὐκ
1803 2120 2164 2218 ἐπῃδέσω,
2518 2130 2614 2203 12

591 2221 658 2300 ὦ
705 2219 1151 2324 δυςχοίριστε
1199 2232 1361 2302 τῶν
1409 2233 1729 2302 πυκνῶν
1781 2221 2249 2324 φιλημάτων.

294 2362 467 2437 Libri
483 2390 505 2435 ε
566 2362 618 2438 ἅ
667 2390 787 2439 ιον
803 2387 826 2434 2
877 2361 1224 2458 genuinam
1273 2387 1502 2436 vocem
1551 2362 1775 2460 posuit
1825 2362 1965 2436 Th.
1996 2361 2320 2437 Cantetus
2348 2361 2518 2438 Var.

294 2465 502 2540 Lectt.
636 2516 659 2538 .
714 2470 788 2538 9.
845 2465 946 2559 (in
999 2462 1275 2539 Gruteri
1322 2463 1507 2539 Face
1574 2466 1726 2539 crit.
1791 2466 1924 2540 vol.
1990 2463 2124 2539 ΠΙ.
2177 2491 2247 2565 p.
2303 2471 2350 2542 7
2353 2470 2454 2542 47
2457 2468 2517 2562 .)

294 2568 452 2643 Vide
496 2568 873 2642 Personam
926 2567 1012 2640 ad
1059 2565 1298 2667 Eurip.
1351 2567 1537 2642 Med.
1575 2568 1756 2643 750.
1858 2566 2062 2667 Apud
2089 2568 2519 2644 Plutarchum

294 2673 355 2745 in
398 2670 743 2746 Amatorio
792 2696 862 2768 p.
916 2670 1095 2745 751.
1162 2672 1275 2770 qui
1337 2671 1459 2744 hos
1523 2693 1753 2745 versus
1821 2671 2051 2765 affert,
2119 2673 2361 2746 omissa
2406 2671 2525 2745 illa

300 2801 466 2871 voce,
514 2775 761 2872 legitur
810 2772 1038 2872 σέβας
1087 2771 1173 2850 δὲ
1226 2782 1495 2872 μηρῶν
1546 2775 1638 2849 οὗ
1691 2772 2105 2869 κατῃδέσω,
2171 2782 2239 2848 et
2288 2774 2522 2848 deinde

263 2887 593 2975 ·πικρῶν.
697 2875 841 2950 Sed
889 2877 1166 2950 alterum
1216 2900 1476 2950 versum
1539 2883 1725 2950 recte
1791 2877 2110 2974 scriptum
2170 2877 2346 2949 idem
2410 2878 2523 2950 af·-

298 2982 412 3058 fert
448 2984 522 3055 in
573 2981 742 3053 libro
794 2980 876 3053 de
929 2979 1296 3052 differentia
1345 2980 1542 3052 amici
1590 2986 1662 3052 et
1712 2978 2072 3052 adulatoris
2121 3004 2192 3077 p.
2247 2983 2373 3053 61.
2424 2978 2519 3052 A.

296 3082 394 3159 Ad
441 3085 671 3160 eadem
721 3080 1003 3155 Achillis
1052 3082 1339 3155 lamenta
1384 3080 1728 3156 Personas
1794 3081 2048 3155 rettulit
2110 3081 2277 3155 haec
2344 3083 2525 3182 aput}

295 3184 652 3263 Luciannm
702 3184 938 3259 Amor.
995 3185 1119 3259 54.
1174 3184 1271 3259 Τ.
1322 3182 1421 3259 Π.
1473 3209 1546 3283 p.
1598 3184 1780 3260 457.
1834 3183 1916 3257 de
1945 3184 2209 3259 Achille
2259 3194 2327 3259 et
2374 3185 2521 3258 Pa-

271 3292 531 3366 .troclo=
590 3289 744 3365 ἄλλ’
796 3286 893 3385 ἦν
944 3288 1074 3364 καὶ
1135 3295 1269 3383 τῆς
1319 3287 1625 3365 ἐκείνων
1692 3287 1948 3387 φιλίας
2008 3291 2293 3386 με’σῖτις
2343 3288 2522 3384 ἦδο-

297 3392 399 3491 νή.
453 3395 739 3471 στένων
787 3400 982 3494 γοῦν
1023 3390 1411 3488 Ἀχιλλεὺς
1458 3390 1601 3469 τὸν
1652 3388 2103 3491 Πατρόκλου
2136 3389 2519 3492 θάνατον,

299 3494 714 3598 ἀταμιεύτῳ
763 3492 998 3595 πάθει
1050 3495 1240 3593 πρὸς
1287 3494 1429 3591 τὴν
1481 3492 1851 3591 ἀλήθειαν
1902 3491 2315 3598 ἅπεῤῥοίγη·
2368 3525 2518 3592 μη-

298 3609 445 3701 ρῶν
492 3631 572 3678 τε
620 3605 783 3676 τῶν
833 3599 996 3676 σῶν
1063 3598 1375 3698 εὗσρβὴς
1440 3596 1697 3694 ὁμιλία
1765 3596 2115 3680 καλλίων.
2234 3597 2518 3673 Postre-

297 3727 459 3779 mum
505 3704 797 3796 verbnm,
849 3703 1023 3801 quod
1070 3704 1140 3775 in
1190 3702 1338 3775 aliis
1385 3701 1570 3775 libris
1618 3701 1897 3778 καλλίω
1949 3702 2291 3800 scriptum,
2339 3702 2517 3776 omi-

297 3810 376 3883 sit
431 3807 792 3882 Porsonuss
929 3803 1430 3880 Scholefieldius
1506 3829 1593 3878 ex
1666 3803 2063 3880 Boissonadi
2135 3806 2518 3880 coniectura

298 3912 486 3986 edidit
533 3908 863 4003 κάλλιον,
915 3908 1191 3983 Belinus
1242 3909 1324 3981 de
1347 3907 1546 3980 Balla
1575 3910 1864 3984 coniecit
1911 3914 2180 4008 μηρῶν
2228 3908 2307 3983 τί
2352 3917 2515 3983 τῶν

301 4023 449 4092 σῶν
494 4017 851 4113 εὐσεβοῦς
901 4011 1196 4111 ὁμιλίας
1245 4007 1550 4087 κάλλιον
1564 4042 1592 4102 ‚-
1643 4012 1839 4086 male.
1954 4011 2172 4086 Multo
2224 4012 2363 4085 veri
2410 4008 2512 4082 si-

297 4119 497 4192 milius
546 4126 672 4211 est,
724 4114 1049 4194 καλλίων
1098 4123 1477 4214 corruptum
1529 4137 1677 4189 esse
1728 4140 1813 4188 ex
1852 4111 2160 4207 κλαίων,
2210 4121 2286 4187 ut
2333 4113 2512 4187 scri-

299 4223 489 4317 pserit
533 4219 935 4317 Aeschylus:
1533 4212 1539 4220 ’

584 4365 852 4487 μηρῶν
900 4386 981 4434 το
1014 4364 1191 4434 ,τῶν
1244 4364 1406 4433 σῶν
1454 4354 1793 4454 εὐσέβησ’
1845 4351 2148 4454 ὁμιλίαν

581 4470 884 4539 κλαιων.
