3275 5317
748 460 880 534 ιω
1318 438 1323 443 ’
1545 465 1671 532 nr.
1712 464 2203 532 AEscnYm

752 625 952 699 annis
1002 623 1350 700 Vulcaniis
1398 624 1793 723 advenisset,
1847 627 2228 722 Thetidem,
2296 651 2465 726 quae
2515 623 2599 701 de
2648 625 2978 726 principa-

750 729 923 804 libus
972 752 1106 804 una
1153 730 1453 827 personis
1515 732 1718 805 fuerit
1732 782 1759 825 ,
1812 731 2208 829 chorumque
2270 740 2340 806 et
2403 725 2737 804 Achillem
2786 730 2979 804 defle-

752 831 927 905 visse
979 832 1224 905 obitum
1287 831 1619 924 Patrocli3
1704 834 1984 907 mediam
2045 842 2298 932 partem
2362 833 2596 931 longas
2661 834 2980 907 oration-s

754 935 826 1007 in
874 935 1188 1007 honorem
1237 937 1504 1029 mortui,
1555 937 1784 1035 plenas
1832 938 2080 1010 irarum
2128 937 2199 1008 in
2227 937 2617 1030 occisorem,
2673 936 2827 1009 dein
2872 961 2980 1009 re-

757 1038 1280 1112 conciliationem
1329 1040 1581 1134 gratiae
1629 1040 1805 1114 inter
1848 1037 2182 1112 Achillem
2212 1048 2406 1139 atque
2432 1037 2983 1136 Agamemnonem

755 1164 878 1239 per
925 1138 1195 1213 Vlixem
1244 1142 1683 1233 continuisse3
1734 1143 1807 1224 in
1853 1143 2051 1215 tertia
2100 1143 2376 1241 denique
2404 1151 2593 1241 parte
2623 1143 2983 1215 restitutam

757 1267 905 1316 esse
953 1241 1320 1316 Briseidem
1370 1268 1679 1344 armaque
1704 1246 1996 1318 induisse
2026 1242 2379 1319 Achillem.
2482 1243 2661 1317 Nam
2712 1268 2984 1344 pugnam

755 1346 841 1418 ad
890 1342 1397 1440 Scamandrum,
1449 1372 1683 1422 necem
1729 1347 2043 1421 Hectoris
2119 1356 2187 1422 et
2249 1348 2688 1447 raptationem
2754 1347 2985 1421 mortui

755 1449 940 1523 circa
987 1449 1240 1542 urbem,
1304 1449 1626 1549 ludosque
1675 1451 2012 1544 funebres,
2078 1449 2247 1525 haec
2311 1451 2568 1545 omnia,
2638 1459 2718 1525 ut
2783 1450 2986 1522 aliena

755 1576 801 1623 a
849 1571 1092 1645 scena,
1156 1552 1227 1623 in
1276 1552 1405 1626 hac
1453 1554 1718 1651 trilogia
1768 1554 2010 1628 omissa
2060 1579 2232 1648 esse,
2282 1554 2674 1653 tertiamque
2725 1561 2989 1649 tragoe-

756 1653 933 1730 diam
979 1654 1127 1755 ipsa
1175 1653 1426 1726 Priami
1478 1656 1563 1729 ad
1612 1653 1944 1729 Achillem
2008 1657 2415 1755 profectione
2482 1657 2743 1755 cepisse
2794 1680 2987 1728 exor-
3044 1657 3047 1660 “

755 1755 957 1829 dium.
1060 1756 1233 1830 Mihi
1281 1759 1538 1856 quidem
1588 1759 1755 1833 haec
1803 1785 2035 1859 parum
2082 1759 2446 1858 probabilia
2485 1760 2815 1852 videntur,
2863 1758 2989 1829 im·-

753 1884 864 1933 mo
913 1859 1077 1932 illud
1128 1861 1323 1934 etiam
1372 1862 1794 1956 incredibile,
1859 1888 2010 1936 eum
2023 1915 2049 1956 ,
2121 1864 2232 1961 qui
2297 1862 2652 1936 clamitarit
2716 1862 2984 1958 ὅπλων,

753 1961 1012 2040 ὅπλων
1059 1961 1201 2055 δεῖ,
1250 1965 1324 2037 in
1375 1973 1686 2063 sequente
1736 1966 1957 2039 fabula
2008 1966 2230 2060 armis,
2286 1989 2452 2064 quae
2502 1965 2835 2064 accipiat,
2885 1964 2986 2036 ni-

755 2066 851 2138 hil
902 2089 1099 2163 agere
1152 2066 1356 2161 aliud,
1409 2092 1604 2166 quam
1655 2093 1737 2141 ea
1783 2077 1860 2141 ut
1907 2068 2158 2142 induat.
2218 2084 2228 2094 '
2260 2066 2484 2142 Vnum
2545 2067 2985 2142 tantummodo

755 2176 859 2242 est
905 2169 978 2241 in
1026 2168 1136 2263 iis,
1190 2194 1358 2267 quae
1427 2171 1738 2245 divinavit
1802 2171 2200 2245 Welckerus
2214 2223 2242 2265 ,
2313 2171 2488 2269 quod
2549 2196 2784 2244 verum
2850 2194 2987 2243 esse

624 2317 647 2331 -
754 2295 866 2344 res
915 2272 1063 2370 ipsa
1110 2280 1454 2366 monstrat,
1508 2274 1778 2348 chorum
1802 2273 2160 2350 Nereidum
2184 2297 2367 2352 arma
2390 2274 2716 2370 attulisse,
2770 2283 2986 2348 osten-

756 2373 978 2471 ditque
1029 2373 1430 2454 Welckerus
1481 2376 1552 2460 id
1601 2378 1800 2452 etiam
1849 2378 2057 2450 veteri
2106 2377 2469 2480 anaglypho
2516 2402 2667 2451 esse
2718 2401 2988 2475 expres-

757 2500 927 2549 sum.
1030 2473 1385 2556 Amicitiae
1436 2503 1586 2551 cum
1635 2476 2128 2576 Agamemnone
2176 2481 2523 2578 integratio
2537 2531 2561 2567 ‚
2627 2480 2986 2556 restitutio-

758 2602 885 2678 que
934 2576 1256 2654 Briseidis
1309 2580 1463 2678 quid
1512 2581 1598 2654 ad
1646 2608 1786 2654 rem
1834 2583 2107 2676 faciant,
2176 2608 2310 2657 non
2359 2584 2568 2680 magis
2619 2591 2841 2682 potest
2884 2582 2988 2653 in·

756 2681 988 2778 telligi,
1043 2707 1236 2779 quam
1288 2683 1444 2781 quid
1493 2683 1620 2762 sibi
1669 2686 1826 2759 velit
1874 2685 1989 2766 illa
2038 2687 2232 2759 nimis
2294 2685 2593 2783 profecto
2661 2711 2813 2762 sera
2871 2708 2985 2757 ve-

631 2867 638 2876 ,
758 2785 944 2858 niens
994 2782 1373 2860 Patroclea.
1475 2785 1687 2866 Immo
1738 2789 1868 2860 alia
1920 2788 2197 2861 suadere
2245 2787 2500 2861 videtur
2547 2786 2802 2863 Attius.
2851 2785 2986 2864 Mi·-

757 2913 905 2961 rum
956 2896 1059 2962 est
1109 2890 1306 2983 enim,
1360 2890 1471 2963 cui
1535 2889 1616 2963 ab
1668 2891 1784 2965 illo
1850 2892 2228 2987 tragoediae
2289 2916 2528 2964 nomen
2592 2893 2843 2967 factum
2892 2895 2986 2966 est

755 2988 1336 3090 Epinausimache,
1387 3018 1535 3066 eam
1584 2993 1752 3067 haec
1801 2993 1949 3092 ipsa
2013 2994 2451 3088 continuisse,
2518 3019 2688 3092 quae
2748 2994 2984 3070 Patro-

758 3094 849 3167 cli
895 3103 1168 3167 mortem
1221 3102 1374 3168 sunt
1419 3097 1788 3195 insequuta.
1892 3093 1991 3168 Et
2030 3120 2235 3194 ,quum
2284 3094 2511 3170 Attius
2547 3098 2733 3171 valde
2769 3097 2984 3171 videa·

758 3204 869 3268 tur
915 3192 1231 3292 Aeschyli
1276 3198 1637 3271 imitatione
1691 3198 2053 3270 delectatus
2084 3223 2256 3292 esse,
2308 3225 2439 3273 non
2485 3200 2789 3294 absurde,
2842 3197 2983 3296 opi-

760 3321 907 3392 nor,
957 3298 1184 3372 licebit
1231 3300 1579 3396 suspicari,
1629 3298 1949 3373 Nereides
1999 3325 2147 3373 eum
2196 3296 2533 3399 Aeschyli,
2587 3305 2829 3380 omisso
2881 3299 2985 3398 qni

758 3399 1100 3475 Romanae
1162 3403 1545 3499 tragoediae·
1597 3427 1734 3475 non
1810 3405 2234 3477 conveniebat
2299 3406 2501 3478 choro
2516 3459 2541 3499 ,
2610 3414 2982 3505 sumptaque

760 3504 1033 3603 proinde
1085 3529 1128 3576 a
1191 3506 1403 3603 primo
1454 3506 1553 3578 rei
1613 3502 1949 3579 inventore
2012 3505 2306 3586 Homero
2372 3510 2809 3607 appellatione
2869 3528 2983 3578 sua

761 3620 909 3681 esse
956 3605 1509 3705 Epinausimacbe
1558 3609 1975 3684 aemulatum.
2078 3609 2437 3705 Ha'riolari,
2487 3613 2603 3686 ubi
2641 3612 2801 3688 nihil
2850 3607 2982 3682 sci·-

760 3719 896 3803 tur,
947 3735 1079 3784 non
1129 3718 1233 3783 est
1280 3711 1599 3809 ineptum,
1654 3711 1806 3786 dum
1856 3737 1941 3786 ne
1989 3713 2136 3812 ipsa
2183 3714 2408 3813 inepta
2468 3715 2557 3788 sit
2620 3711 2978 3790 hariolatio.

764 3812 984 3906 Quum
1031 3813 1234 3910 igitur
1279 3814 1457 3884 nihil
1520 3822 1718 3912 cogat
1766 3815 2036 3889 credere
2048 3867 2075 3910 ,
2144 3816 2415 3890 chorum
2477 3815 2832 3892 Nereidum
2878 3814 2980 3885 fa·

757 3916 977 3989 hulam
1028 3940 1175 3989 esse
1226 3940 1555 4018 exorsum,
1606 3941 1692 3991 ne
1743 3926 1920 3992 vetat
1969 3919 2227 4017 quidem
2278 3919 2627 4018 quidquam
2676 3928 2977 4007 statuere,

758 4017 1114 4113 Achillem,
1164 4019 1611 4117 impatientem
1661 4045 1883 4094 morae
1936 4024 2180 4119 (neque
2233 4023 2407 4095 enim
2433 4025 2806 4120 tragoediae
2854 4026 2974 4110 est,

760 4130 837 4204 ut
884 4124 1057 4222 epici
1105 4123 1438 4217 carminis,
1487 4121 1734 4198 Itidem
1784 4125 1866 4195 ab
1915 4123 2165 4197 Iunone
2229 4126 2494 4206 missam
2545 4128 2687 4202 sine
2747 4144 2981 4198 neces-

761 4225 956 4300 sitate
1004 4226 1394 4322 introduci),
1443 4227 1548 4300 vel
1595 4226 1910 4304 inermem
1957 4227 2247 4326 prodire,
2313 4236 2389 4302 ut
2452 4229 2705 4304 hostem
2766 4252 2810 4310 a
2855 4246 2975 4328 na·

761 4326 947 4399 vibus
997 4331 1135 4412 suis
1183 4338 1433 4418 arceat,
1534 4327 1632 4402 Et
1686 4330 1938 4403 videtur
1980 4330 2056 4403 id
2104 4331 2277 4429 apud
2326 4330 2585 4408 Attium
2613 4333 2871 4422 fecisse,
2920 4324 2975 4397 si

761 4436 943 4504 recte
989 4431 1155 4508 haec
1204 4434 1401 4510 verba
1445 4433 1765 4532 intelligo,
1817 4457 1983 4533 quae
2005 4435 2226 4534 posuit
2246 4433 2317 4518 N
2315 4435 2503 4511 onius
2550 4462 2621 4536 p.
2655 4439 2827 4528 233,
2860 4430 2969 4506 18.
