<?xml version="1.0" encoding="UTF-8"?>
<!DOCTYPE html PUBLIC "-//W3C//DTD XHTML 1.0 Transitional//EN"
    "http://www.w3.org/TR/xhtml1/DTD/xhtml1-transitional.dtd">
<html xmlns="http://www.w3.org/1999/xhtml" xml:lang="en" lang="en">
 <head>
  <title>
</title>
<meta http-equiv="Content-Type" content="text/html;charset=utf-8" />
  <meta name='ocr-system' content='tesseract 3.04.00' />
  <meta name='ocr-capabilities' content='ocr_page ocr_carea ocr_par ocr_line ocrx_word'/>
</head>
<body>
  <div class='ocr_page' id='page_1' title='image "./godofrediherman02fritgoog_0044.png"; bbox 0 0 3275 5317; ppageno 0'>
   <div class='ocr_carea' id='block_1_1' title="bbox 848 477 2554 554">
    <p class='ocr_par' dir='ltr' id='par_1_1' title="bbox 848 477 2554 554">
     <span class='ocr_line' id='line_1_1' title="bbox 848 477 2554 554; baseline 0.003 -12"><span class='ocrx_word' id='word_1_1' title='bbox 848 480 963 543; x_wconf 78' lang='lat' dir='ltr'><strong>AD</strong></span> <span class='ocrx_word' id='word_1_2' title='bbox 1009 477 1347 554; x_wconf 75' lang='lat' dir='ltr'>FRANC.</span> <span class='ocrx_word' id='word_1_3' title='bbox 1391 479 2024 545; x_wconf 75' lang='lat' dir='ltr'><strong>sPITzNERVM</strong></span> <span class='ocrx_word' id='word_1_4' title='bbox 2461 481 2554 547; x_wconf 65' lang='lat'><strong>83</strong></span> 
     </span>
    </p>
   </div>
   <div class='ocr_carea' id='block_1_2' title="bbox 202 637 2551 4450">
    <p class='ocr_par' dir='ltr' id='par_1_2' title="bbox 202 637 2551 4450">
     <span class='ocr_line' id='line_1_2' title="bbox 306 637 2551 740; baseline 0.001 -24"><span class='ocrx_word' id='word_1_5' title='bbox 306 641 539 718; x_wconf 66' lang='grc' dir='ltr'><strong><em>λευκὰ</em></strong></span> <span class='ocrx_word' id='word_1_6' title='bbox 594 642 1000 730; x_wconf 75' lang='grc' dir='ltr'><strong><em>πέτασσαν,</em></strong></span> <span class='ocrx_word' id='word_1_7' title='bbox 1055 643 1282 717; x_wconf 77' lang='grc' dir='ltr'><em>ἄκουε</em></span> <span class='ocrx_word' id='word_1_8' title='bbox 1334 641 1418 720; x_wconf 74' lang='grc' dir='ltr'><strong>,δ’</strong></span> <span class='ocrx_word' id='word_1_9' title='bbox 1473 643 1590 719; x_wconf 75' lang='grc' dir='ltr'><strong>ἄν’</strong></span> <span class='ocrx_word' id='word_1_10' title='bbox 1648 637 1780 728; x_wconf 81' lang='grc' dir='ltr'><strong>οὖς</strong></span> <span class='ocrx_word' id='word_1_11' title='bbox 1810 644 2023 740; x_wconf 71' lang='grc' dir='ltr'><em>ἔχων</em></span> <span class='ocrx_word' id='word_1_12' title='bbox 2128 640 2241 715; x_wconf 85' lang='lat' dir='ltr'><strong>Ea</strong></span> <span class='ocrx_word' id='word_1_13' title='bbox 2281 644 2551 718; x_wconf 83' lang='lat' dir='ltr'><strong>eviden-</strong></span> 
     </span>
     <span class='ocr_line' id='line_1_3' title="bbox 310 745 2551 844; baseline 0.001 -25"><span class='ocrx_word' id='word_1_14' title='bbox 310 745 558 819; x_wconf 76' lang='lat' dir='ltr'><strong>tissime</strong></span> <span class='ocrx_word' id='word_1_15' title='bbox 622 768 754 819; x_wconf 85' lang='lat' dir='ltr'><strong>nou</strong></span> <span class='ocrx_word' id='word_1_16' title='bbox 818 753 1097 843; x_wconf 79' lang='lat' dir='ltr'><strong>possunt</strong></span> <span class='ocrx_word' id='word_1_17' title='bbox 1160 746 1305 819; x_wconf 87' lang='lat' dir='ltr'><strong>sine</strong></span> <span class='ocrx_word' id='word_1_18' title='bbox 1369 747 1762 843; x_wconf 77' lang='lat' dir='ltr'><strong>anastrophe</strong></span> <span class='ocrx_word' id='word_1_19' title='bbox 1827 746 2272 844; x_wconf 74' lang='lat' dir='ltr'><strong>pronunciari.</strong></span> <span class='ocrx_word' id='word_1_20' title='bbox 2376 746 2551 821; x_wconf 86' lang='lat' dir='ltr'><strong>Nam</strong></span> 
     </span>
     <span class='ocr_line' id='line_1_4' title="bbox 306 848 2545 946; baseline 0.001 -26"><span class='ocrx_word' id='word_1_21' title='bbox 306 848 367 920; x_wconf 91' lang='lat' dir='ltr'><strong>si</strong></span> <span class='ocrx_word' id='word_1_22' title='bbox 413 855 766 921; x_wconf 84' lang='lat' dir='ltr'><strong>accentum</strong></span> <span class='ocrx_word' id='word_1_23' title='bbox 815 848 1144 921; x_wconf 85' lang='lat' dir='ltr'><strong>habebunt</strong></span> <span class='ocrx_word' id='word_1_24' title='bbox 1191 850 1710 946; x_wconf 79' lang='lat' dir='ltr'><strong>praepositiones</strong></span> <span class='ocrx_word' id='word_1_25' title='bbox 1760 850 1931 923; x_wconf 87' lang='lat' dir='ltr'><strong>istae</strong></span> <span class='ocrx_word' id='word_1_26' title='bbox 1991 850 2063 921; x_wconf 91' lang='lat' dir='ltr'><strong>in</strong></span> <span class='ocrx_word' id='word_1_27' title='bbox 2111 849 2366 944; x_wconf 88' lang='lat' dir='ltr'><strong>ultima,</strong></span> <span class='ocrx_word' id='word_1_28' title='bbox 2419 876 2545 923; x_wconf 83' lang='lat' dir='ltr'><strong>ne-</strong></span> 
     </span>
     <span class='ocr_line' id='line_1_5' title="bbox 306 951 2549 1049; baseline 0 -25"><span class='ocrx_word' id='word_1_29' title='bbox 306 976 413 1025; x_wconf 84' lang='lat' dir='ltr'><strong>mo</strong></span> <span class='ocrx_word' id='word_1_30' title='bbox 464 951 808 1049; x_wconf 83' lang='lat' dir='ltr'><strong>quisquam</strong></span> <span class='ocrx_word' id='word_1_31' title='bbox 858 975 1120 1023; x_wconf 88' lang='lat' dir='ltr'><strong>sensum</strong></span> <span class='ocrx_word' id='word_1_32' title='bbox 1169 952 1432 1024; x_wconf 87' lang='lat' dir='ltr'><strong>illorum</strong></span> <span class='ocrx_word' id='word_1_33' title='bbox 1475 952 1821 1024; x_wconf 85' lang='lat' dir='ltr'><strong>verborum</strong></span> <span class='ocrx_word' id='word_1_34' title='bbox 1849 951 2193 1049; x_wconf 85' lang='lat' dir='ltr'><strong>intelliget,</strong></span> <span class='ocrx_word' id='word_1_35' title='bbox 2247 954 2364 1025; x_wconf 85' lang='lat' dir='ltr'><strong>sed</strong></span> <span class='ocrx_word' id='word_1_36' title='bbox 2414 954 2549 1028; x_wconf 86' lang='lat' dir='ltr'><strong>dici</strong></span> 
     </span>
     <span class='ocr_line' id='line_1_6' title="bbox 302 1049 2547 1155; baseline 0.001 -30"><span class='ocrx_word' id='word_1_37' title='bbox 302 1054 560 1155; x_wconf 85' lang='lat' dir='ltr'><strong>putabit</strong></span> <span class='ocrx_word' id='word_1_38' title='bbox 594 1077 752 1151; x_wconf 80' lang='lat' dir='ltr'><strong>per</strong></span> <span class='ocrx_word' id='word_1_39' title='bbox 799 1053 1054 1125; x_wconf 68' lang='lat' dir='ltr'><strong>crime</strong></span> <span class='ocrx_word' id='word_1_40' title='bbox 1106 1049 1444 1126; x_wconf 57' lang='lat' dir='ltr'><strong>addua-ct</strong></span> <span class='ocrx_word' id='word_1_41' title='bbox 1500 1054 1902 1143; x_wconf 79' lang='lat' dir='ltr'><strong>mambus;</strong></span> <span class='ocrx_word' id='word_1_42' title='bbox 1948 1077 2106 1154; x_wconf 70' lang='lat' dir='ltr'><strong>per</strong></span> <span class='ocrx_word' id='word_1_43' title='bbox 2167 1054 2338 1128; x_wconf 75' lang='lat' dir='ltr'><strong>vela</strong></span> <span class='ocrx_word' id='word_1_44' title='bbox 2407 1079 2547 1128; x_wconf 66' lang='lat' dir='ltr'><strong>ecc-</strong></span> 
     </span>
     <span class='ocr_line' id='line_1_7' title="bbox 289 1155 1770 1255; baseline 0.001 -28"><span class='ocrx_word' id='word_1_45' title='bbox 289 1155 794 1255; x_wconf 64' lang='lat' dir='ltr'><strong>pmtderunt;</strong></span> <span class='ocrx_word' id='word_1_46' title='bbox 842 1155 1041 1228; x_wconf 70' lang='lat' dir='ltr'><strong>audi</strong></span> <span class='ocrx_word' id='word_1_47' title='bbox 1081 1156 1169 1228; x_wconf 69' lang='lat' dir='ltr'><strong>in</strong></span> <span class='ocrx_word' id='word_1_48' title='bbox 1218 1182 1412 1229; x_wconf 66' lang='lat' dir='ltr'><strong>aare</strong></span> <span class='ocrx_word' id='word_1_49' title='bbox 1462 1156 1770 1245; x_wconf 72' lang='lat' dir='ltr'><strong>habens.</strong></span> 
     </span>
     <span class='ocr_line' id='line_1_8' title="bbox 294 1256 2543 1361; baseline 0.002 -30"><span class='ocrx_word' id='word_1_50' title='bbox 294 1289 301 1296; x_wconf 91' lang='lat'><strong>·</strong></span> <span class='ocrx_word' id='word_1_51' title='bbox 504 1256 684 1333; x_wconf 84' lang='lat' dir='ltr'><strong>Vide</strong></span> <span class='ocrx_word' id='word_1_52' title='bbox 729 1284 912 1353; x_wconf 83' lang='lat' dir='ltr'><strong>vero,</strong></span> <span class='ocrx_word' id='word_1_53' title='bbox 964 1285 1050 1333; x_wconf 89' lang='lat' dir='ltr'><strong>ne</strong></span> <span class='ocrx_word' id='word_1_54' title='bbox 1101 1261 1322 1359; x_wconf 85' lang='lat' dir='ltr'><strong>opinio</strong></span> <span class='ocrx_word' id='word_1_55' title='bbox 1373 1261 1513 1355; x_wconf 88' lang='lat' dir='ltr'><strong>illa,</strong></span> <span class='ocrx_word' id='word_1_56' title='bbox 1568 1286 1697 1359; x_wconf 85' lang='lat' dir='ltr'><strong>qua</strong></span> <span class='ocrx_word' id='word_1_57' title='bbox 1745 1260 2147 1361; x_wconf 81' lang='lat' dir='ltr'><strong>praepositio</strong></span> <span class='ocrx_word' id='word_1_58' title='bbox 2198 1286 2320 1360; x_wconf 89' lang='lat' dir='ltr'><strong>per</strong></span> <span class='ocrx_word' id='word_1_59' title='bbox 2369 1270 2543 1336; x_wconf 82' lang='lat' dir='ltr'><strong>tme-</strong></span> 
     </span>
     <span class='ocr_line' id='line_1_9' title="bbox 293 1362 2545 1464; baseline 0.001 -27"><span class='ocrx_word' id='word_1_60' title='bbox 293 1362 402 1437; x_wconf 81' lang='lat' dir='ltr'><strong>sin</strong></span> <span class='ocrx_word' id='word_1_61' title='bbox 454 1363 755 1437; x_wconf 84' lang='lat' dir='ltr'><strong>seiuncta</strong></span> <span class='ocrx_word' id='word_1_62' title='bbox 805 1387 847 1435; x_wconf 85' lang='lat' dir='ltr'><strong>a</strong></span> <span class='ocrx_word' id='word_1_63' title='bbox 910 1365 1109 1437; x_wconf 88' lang='lat' dir='ltr'><strong>verbo</strong></span> <span class='ocrx_word' id='word_1_64' title='bbox 1177 1389 1297 1437; x_wconf 91' lang='lat' dir='ltr'><strong>suo</strong></span> <span class='ocrx_word' id='word_1_65' title='bbox 1365 1363 1740 1437; x_wconf 81' lang='lat' dir='ltr'><strong>adverbium</strong></span> <span class='ocrx_word' id='word_1_66' title='bbox 1808 1365 2028 1461; x_wconf 88' lang='lat' dir='ltr'><strong>potius</strong></span> <span class='ocrx_word' id='word_1_67' title='bbox 2098 1388 2243 1437; x_wconf 90' lang='lat' dir='ltr'><strong>esse</strong></span> <span class='ocrx_word' id='word_1_68' title='bbox 2257 1416 2281 1456; x_wconf 90' lang='lat'><strong>,</strong></span> <span class='ocrx_word' id='word_1_69' title='bbox 2350 1381 2545 1464; x_wconf 85' lang='lat' dir='ltr'><strong>quam</strong></span> 
     </span>
     <span class='ocr_line' id='line_1_10' title="bbox 295 1466 2545 1565; baseline 0 -24"><span class='ocrx_word' id='word_1_70' title='bbox 295 1489 530 1541; x_wconf 81' lang='lat' dir='ltr'><strong>carcre</strong></span> <span class='ocrx_word' id='word_1_71' title='bbox 594 1467 857 1539; x_wconf 89' lang='lat' dir='ltr'><strong>nomine</strong></span> <span class='ocrx_word' id='word_1_72' title='bbox 921 1468 1097 1564; x_wconf 83' lang='lat' dir='ltr'><strong>quod</strong></span> <span class='ocrx_word' id='word_1_73' title='bbox 1157 1466 1649 1565; x_wconf 84' lang='lat' dir='ltr'><strong>intelligendum</strong></span> <span class='ocrx_word' id='word_1_74' title='bbox 1715 1467 1803 1540; x_wconf 88' lang='lat' dir='ltr'><strong>sit</strong></span> <span class='ocrx_word' id='word_1_75' title='bbox 1870 1473 2138 1564; x_wconf 80' lang='lat' dir='ltr'><strong>putatur</strong></span> <span class='ocrx_word' id='word_1_76' title='bbox 2152 1519 2178 1560; x_wconf 93' lang='lat'><strong>,</strong></span> <span class='ocrx_word' id='word_1_77' title='bbox 2261 1477 2408 1541; x_wconf 87' lang='lat' dir='ltr'><strong>orta</strong></span> <span class='ocrx_word' id='word_1_78' title='bbox 2455 1470 2545 1541; x_wconf 80' lang='lat' dir='ltr'><strong>sit</strong></span> 
     </span>
     <span class='ocr_line' id='line_1_11' title="bbox 297 1567 2546 1646; baseline 0.002 -5"><span class='ocrx_word' id='word_1_79' title='bbox 297 1569 505 1642; x_wconf 87' lang='lat' dir='ltr'><strong>levius</strong></span> <span class='ocrx_word' id='word_1_80' title='bbox 540 1569 957 1642; x_wconf 84' lang='lat' dir='ltr'><strong>considerata</strong></span> <span class='ocrx_word' id='word_1_81' title='bbox 985 1567 1531 1643; x_wconf 80' lang='lat' dir='ltr'><strong>Germanicorum</strong></span> <span class='ocrx_word' id='word_1_82' title='bbox 1581 1570 2036 1645; x_wconf 82' lang='lat' dir='ltr'><strong>adverbiorum</strong></span> <span class='ocrx_word' id='word_1_83' title='bbox 2068 1571 2350 1646; x_wconf 84' lang='lat' dir='ltr'><strong>ratione.</strong></span> <span class='ocrx_word' id='word_1_84' title='bbox 2401 1569 2546 1646; x_wconf 89' lang='lat' dir='ltr'><strong>Nos</strong></span> 
     </span>
     <span class='ocr_line' id='line_1_12' title="bbox 297 1672 2541 1774; baseline 0.002 -31"><span class='ocrx_word' id='word_1_85' title='bbox 297 1672 470 1744; x_wconf 90' lang='lat' dir='ltr'><strong>enim</strong></span> <span class='ocrx_word' id='word_1_86' title='bbox 512 1672 687 1744; x_wconf 87' lang='lat' dir='ltr'><strong>inter</strong></span> <span class='ocrx_word' id='word_1_87' title='bbox 724 1672 1277 1771; x_wconf 75' lang='lat' dir='ltr'><strong>praepositionem</strong></span> <span class='ocrx_word' id='word_1_88' title='bbox 1329 1682 1398 1746; x_wconf 86' lang='lat' dir='ltr'><strong>et</strong></span> <span class='ocrx_word' id='word_1_89' title='bbox 1445 1673 1609 1745; x_wconf 86' lang='lat' dir='ltr'><strong>illud</strong></span> <span class='ocrx_word' id='word_1_90' title='bbox 1663 1674 1836 1772; x_wconf 85' lang='lat' dir='ltr'><strong>quod</strong></span> <span class='ocrx_word' id='word_1_91' title='bbox 1887 1697 2136 1745; x_wconf 86' lang='lat' dir='ltr'><strong>merum</strong></span> <span class='ocrx_word' id='word_1_92' title='bbox 2189 1682 2257 1746; x_wconf 86' lang='lat' dir='ltr'><strong>et</strong></span> <span class='ocrx_word' id='word_1_93' title='bbox 2305 1699 2541 1774; x_wconf 85' lang='lat' dir='ltr'><strong>purum</strong></span> 
     </span>
     <span class='ocr_line' id='line_1_13' title="bbox 293 1774 2542 1874; baseline 0.002 -27"><span class='ocrx_word' id='word_1_94' title='bbox 293 1774 676 1874; x_wconf 82' lang='lat' dir='ltr'><strong>adverbium</strong></span> <span class='ocrx_word' id='word_1_95' title='bbox 727 1781 869 1867; x_wconf 90' lang='lat' dir='ltr'><strong>est,</strong></span> <span class='ocrx_word' id='word_1_96' title='bbox 921 1783 1060 1848; x_wconf 88' lang='lat' dir='ltr'><strong>tres</strong></span> <span class='ocrx_word' id='word_1_97' title='bbox 1111 1776 1275 1849; x_wconf 89' lang='lat' dir='ltr'><strong>alias</strong></span> <span class='ocrx_word' id='word_1_98' title='bbox 1341 1776 1652 1848; x_wconf 84' lang='lat' dir='ltr'><strong>habemus</strong></span> <span class='ocrx_word' id='word_1_99' title='bbox 1707 1777 1953 1850; x_wconf 86' lang='lat' dir='ltr'><strong>formas</strong></span> <span class='ocrx_word' id='word_1_100' title='bbox 1968 1828 1993 1867; x_wconf 91' lang='lat'><strong>,</strong></span> <span class='ocrx_word' id='word_1_101' title='bbox 2070 1797 2343 1873; x_wconf 80' lang='lat' dir='ltr'><strong>quarum</strong></span> <span class='ocrx_word' id='word_1_102' title='bbox 2408 1803 2542 1850; x_wconf 88' lang='lat' dir='ltr'><strong>una</strong></span> 
     </span>
     <span class='ocr_line' id='line_1_14' title="bbox 294 1877 2540 1979; baseline 0 -28"><span class='ocrx_word' id='word_1_103' title='bbox 294 1878 569 1979; x_wconf 83' lang='lat' dir='ltr'><strong>propior</strong></span> <span class='ocrx_word' id='word_1_104' title='bbox 636 1877 943 1951; x_wconf 85' lang='lat' dir='ltr'><strong>adverbio</strong></span> <span class='ocrx_word' id='word_1_105' title='bbox 992 1886 1134 1970; x_wconf 86' lang='lat' dir='ltr'><strong>est,</strong></span> <span class='ocrx_word' id='word_1_106' title='bbox 1210 1879 1377 1951; x_wconf 86' lang='lat' dir='ltr'><strong>duae</strong></span> <span class='ocrx_word' id='word_1_107' title='bbox 1426 1879 1718 1977; x_wconf 84' lang='lat' dir='ltr'><strong>reliquae</strong></span> <span class='ocrx_word' id='word_1_108' title='bbox 1784 1879 1993 1974; x_wconf 87' lang='lat' dir='ltr'><strong>magis</strong></span> <span class='ocrx_word' id='word_1_109' title='bbox 2060 1880 2145 1950; x_wconf 90' lang='lat' dir='ltr'><strong>ad</strong></span> <span class='ocrx_word' id='word_1_110' title='bbox 2192 1883 2540 1979; x_wconf 87' lang='lat' dir='ltr'><strong>praeposi·-</strong></span> 
     </span>
     <span class='ocr_line' id='line_1_15' title="bbox 293 1978 2538 2083; baseline 0.001 -27"><span class='ocrx_word' id='word_1_111' title='bbox 293 1982 509 2056; x_wconf 87' lang='lat' dir='ltr'><strong>tiones</strong></span> <span class='ocrx_word' id='word_1_112' title='bbox 560 1981 902 2054; x_wconf 83' lang='lat' dir='ltr'><strong>inclinant.</strong></span> <span class='ocrx_word' id='word_1_113' title='bbox 1004 1978 1342 2055; x_wconf 85' lang='lat' dir='ltr'><strong>Adverbia</strong></span> <span class='ocrx_word' id='word_1_114' title='bbox 1391 1989 1546 2053; x_wconf 88' lang='lat' dir='ltr'><strong>sunt</strong></span> <span class='ocrx_word' id='word_1_115' title='bbox 1610 1980 1801 2052; x_wconf 78' lang='lat' dir='ltr'><strong>oben</strong></span> <span class='ocrx_word' id='word_1_116' title='bbox 1817 2032 1839 2070; x_wconf 93' lang='lat'><strong>,</strong></span> <span class='ocrx_word' id='word_1_117' title='bbox 1889 1990 2538 2083; x_wconf 73' lang='lat' dir='ltr'><strong>unten;prae1›o-</strong></span> 
     </span>
     <span class='ocr_line' id='line_1_16' title="bbox 293 2081 2536 2182; baseline 0.001 -27"><span class='ocrx_word' id='word_1_118' title='bbox 293 2084 568 2157; x_wconf 82' lang='lat' dir='ltr'><strong>sitiones</strong></span> <span class='ocrx_word' id='word_1_119' title='bbox 619 2082 834 2176; x_wconf 71' lang='lat' dir='ltr'><strong>uber,</strong></span> <span class='ocrx_word' id='word_1_120' title='bbox 884 2093 1141 2157; x_wconf 71' lang='lat' dir='ltr'><strong>anter.</strong></span> <span class='ocrx_word' id='word_1_121' title='bbox 1245 2081 1594 2157; x_wconf 87' lang='lat' dir='ltr'><strong>Adverbiis</strong></span> <span class='ocrx_word' id='word_1_122' title='bbox 1643 2085 1775 2156; x_wconf 88' lang='lat' dir='ltr'><strong>illis</strong></span> <span class='ocrx_word' id='word_1_123' title='bbox 1842 2085 2145 2182; x_wconf 86' lang='lat' dir='ltr'><strong>proxima</strong></span> <span class='ocrx_word' id='word_1_124' title='bbox 2207 2094 2362 2158; x_wconf 90' lang='lat' dir='ltr'><strong>sunt</strong></span> <span class='ocrx_word' id='word_1_125' title='bbox 2410 2088 2536 2158; x_wconf 85' lang='lat' dir='ltr'><strong>ad-</strong></span> 
     </span>
     <span class='ocr_line' id='line_1_17' title="bbox 202 2183 2535 2287; baseline 0.001 -28"><span class='ocrx_word' id='word_1_126' title='bbox 202 2193 215 2216; x_wconf 82' lang='lat'><strong>·</strong></span> <span class='ocrx_word' id='word_1_127' title='bbox 292 2186 518 2259; x_wconf 81' lang='lat' dir='ltr'><strong>verbia</strong></span> <span class='ocrx_word' id='word_1_128' title='bbox 566 2183 733 2259; x_wconf 86' lang='lat' dir='ltr'><strong>haec</strong></span> <span class='ocrx_word' id='word_1_129' title='bbox 784 2185 1314 2281; x_wconf 79' lang='lat' dir='ltr'><strong>demonstrativa,</strong></span> <span class='ocrx_word' id='word_1_130' title='bbox 1368 2186 1681 2282; x_wconf 73' lang='lat' dir='ltr'><strong>droben,</strong></span> <span class='ocrx_word' id='word_1_131' title='bbox 1736 2188 2076 2259; x_wconf 72' lang='lat' dir='ltr'><strong>droemten</strong></span> <span class='ocrx_word' id='word_1_132' title='bbox 2088 2240 2113 2281; x_wconf 97' lang='lat'><strong>,</strong></span> <span class='ocrx_word' id='word_1_133' title='bbox 2177 2189 2250 2260; x_wconf 91' lang='lat' dir='ltr'><strong>in</strong></span> <span class='ocrx_word' id='word_1_134' title='bbox 2303 2190 2535 2287; x_wconf 81' lang='lat' dir='ltr'><strong>quibus</strong></span> 
     </span>
     <span class='ocr_line' id='line_1_18' title="bbox 292 2282 2536 2411; baseline 0.001 -48"><span class='ocrx_word' id='word_1_135' title='bbox 292 2282 554 2363; x_wconf 81' lang='lat' dir='ltr'><strong>accedit</strong></span> <span class='ocrx_word' id='word_1_136' title='bbox 603 2289 967 2411; x_wconf 73' lang='lat' dir='ltr'><strong>designatio</strong></span> <span class='ocrx_word' id='word_1_137' title='bbox 1012 2291 1114 2362; x_wconf 90' lang='lat' dir='ltr'><strong>rei</strong></span> <span class='ocrx_word' id='word_1_138' title='bbox 1163 2289 1464 2383; x_wconf 77' lang='lat' dir='ltr'><strong>alicuius,</strong></span> <span class='ocrx_word' id='word_1_139' title='bbox 1518 2292 1604 2364; x_wconf 87' lang='lat' dir='ltr'><strong>ad</strong></span> <span class='ocrx_word' id='word_1_140' title='bbox 1654 2316 1850 2390; x_wconf 85' lang='lat' dir='ltr'><strong>quam</strong></span> <span class='ocrx_word' id='word_1_141' title='bbox 1898 2291 2265 2365; x_wconf 72' lang='lat' dir='ltr'><strong>referantur</strong></span> <span class='ocrx_word' id='word_1_142' title='bbox 2313 2294 2536 2367; x_wconf 87' lang='lat' dir='ltr'><strong>notio-</strong></span> 
     </span>
     <span class='ocr_line' id='line_1_19' title="bbox 293 2391 2534 2492; baseline 0.001 -27"><span class='ocrx_word' id='word_1_143' title='bbox 293 2416 411 2465; x_wconf 82' lang='lat' dir='ltr'><strong>nes</strong></span> <span class='ocrx_word' id='word_1_144' title='bbox 461 2392 687 2491; x_wconf 87' lang='lat' dir='ltr'><strong>superi</strong></span> <span class='ocrx_word' id='word_1_145' title='bbox 738 2401 806 2465; x_wconf 86' lang='lat' dir='ltr'><strong>et</strong></span> <span class='ocrx_word' id='word_1_146' title='bbox 855 2392 1073 2465; x_wconf 81' lang='lat' dir='ltr'><strong>inferi.</strong></span> <span class='ocrx_word' id='word_1_147' title='bbox 1178 2391 1586 2491; x_wconf 80' lang='lat' dir='ltr'><strong>Sequuntur,</strong></span> <span class='ocrx_word' id='word_1_148' title='bbox 1643 2418 1811 2492; x_wconf 85' lang='lat' dir='ltr'><strong>quae</strong></span> <span class='ocrx_word' id='word_1_149' title='bbox 1858 2396 2364 2492; x_wconf 85' lang='lat' dir='ltr'><strong>praepositionis</strong></span> <span class='ocrx_word' id='word_1_150' title='bbox 2392 2404 2534 2470; x_wconf 86' lang='lat' dir='ltr'><strong>ter-</strong></span> 
     </span>
     <span class='ocr_line' id='line_1_20' title="bbox 294 2495 2533 2595; baseline 0.001 -27"><span class='ocrx_word' id='word_1_151' title='bbox 294 2496 714 2568; x_wconf 83' lang='lat' dir='ltr'><strong>minationem</strong></span> <span class='ocrx_word' id='word_1_152' title='bbox 736 2495 976 2568; x_wconf 86' lang='lat' dir='ltr'><strong>habent</strong></span> <span class='ocrx_word' id='word_1_153' title='bbox 1002 2496 1331 2588; x_wconf 73' lang='lat' dir='ltr'><strong>adverbia,</strong></span> <span class='ocrx_word' id='word_1_154' title='bbox 1360 2495 1720 2584; x_wconf 55' lang='lat' dir='ltr'><strong>dam-dher,</strong></span> <span class='ocrx_word' id='word_1_155' title='bbox 1750 2496 2155 2590; x_wconf 66' lang='lat' dir='ltr'><strong>damnator,</strong></span> <span class='ocrx_word' id='word_1_156' title='bbox 2185 2522 2354 2595; x_wconf 86' lang='lat' dir='ltr'><strong>quae</strong></span> <span class='ocrx_word' id='word_1_157' title='bbox 2381 2511 2533 2573; x_wconf 86' lang='lat' dir='ltr'><strong>sunt</strong></span> 
     </span>
     <span class='ocr_line' id='line_1_21' title="bbox 294 2598 2534 2698; baseline 0.001 -27"><span class='ocrx_word' id='word_1_158' title='bbox 294 2624 380 2671; x_wconf 83' lang='lat' dir='ltr'><strong>ex</strong></span> <span class='ocrx_word' id='word_1_159' title='bbox 428 2598 914 2697; x_wconf 86' lang='lat' dir='ltr'><strong>praepositione</strong></span> <span class='ocrx_word' id='word_1_160' title='bbox 965 2607 1034 2672; x_wconf 88' lang='lat' dir='ltr'><strong>et</strong></span> <span class='ocrx_word' id='word_1_161' title='bbox 1082 2598 1182 2670; x_wconf 88' lang='lat' dir='ltr'><strong>rei</strong></span> <span class='ocrx_word' id='word_1_162' title='bbox 1232 2599 1317 2674; x_wconf 83' lang='lat' dir='ltr'><strong>ad</strong></span> <span class='ocrx_word' id='word_1_163' title='bbox 1369 2624 1562 2698; x_wconf 89' lang='lat' dir='ltr'><strong>quam</strong></span> <span class='ocrx_word' id='word_1_164' title='bbox 1599 2600 1925 2674; x_wconf 83' lang='lat' dir='ltr'><strong>referatur</strong></span> <span class='ocrx_word' id='word_1_165' title='bbox 1952 2601 2354 2698; x_wconf 86' lang='lat' dir='ltr'><strong>praepositio</strong></span> <span class='ocrx_word' id='word_1_166' title='bbox 2406 2627 2534 2675; x_wconf 82' lang='lat' dir='ltr'><strong>no-</strong></span> 
     </span>
     <span class='ocr_line' id='line_1_22' title="bbox 291 2701 2534 2802; baseline 0.001 -28"><span class='ocrx_word' id='word_1_167' title='bbox 291 2703 539 2774; x_wconf 84' lang='lat' dir='ltr'><strong>tatione</strong></span> <span class='ocrx_word' id='word_1_168' title='bbox 582 2702 991 2799; x_wconf 82' lang='lat' dir='ltr'><strong>composita3</strong></span> <span class='ocrx_word' id='word_1_169' title='bbox 1056 2701 1217 2775; x_wconf 90' lang='lat' dir='ltr'><strong>item</strong></span> <span class='ocrx_word' id='word_1_170' title='bbox 1290 2704 1555 2775; x_wconf 85' lang='lat' dir='ltr'><strong>tertium</strong></span> <span class='ocrx_word' id='word_1_171' title='bbox 1619 2727 1827 2799; x_wconf 87' lang='lat' dir='ltr'><strong>genus</strong></span> <span class='ocrx_word' id='word_1_172' title='bbox 1844 2756 1868 2795; x_wconf 91' lang='lat'><strong>,</strong></span> <span class='ocrx_word' id='word_1_173' title='bbox 1936 2705 2007 2774; x_wconf 91' lang='lat' dir='ltr'><strong>in</strong></span> <span class='ocrx_word' id='word_1_174' title='bbox 2079 2729 2209 2800; x_wconf 85' lang='lat' dir='ltr'><strong>quo</strong></span> <span class='ocrx_word' id='word_1_175' title='bbox 2233 2729 2382 2802; x_wconf 82' lang='lat' dir='ltr'><strong>pro</strong></span> <span class='ocrx_word' id='word_1_176' title='bbox 2434 2706 2534 2778; x_wconf 88' lang='lat' dir='ltr'><strong>rei</strong></span> 
     </span>
     <span class='ocr_line' id='line_1_23' title="bbox 290 2803 2533 2906; baseline 0.001 -30"><span class='ocrx_word' id='word_1_177' title='bbox 290 2805 465 2876; x_wconf 83' lang='lat' dir='ltr'><strong>ifflns</strong></span> <span class='ocrx_word' id='word_1_178' title='bbox 532 2806 867 2878; x_wconf 84' lang='lat' dir='ltr'><strong>notatione</strong></span> <span class='ocrx_word' id='word_1_179' title='bbox 933 2804 1131 2902; x_wconf 86' lang='lat' dir='ltr'><strong>spatii</strong></span> <span class='ocrx_word' id='word_1_180' title='bbox 1196 2804 1417 2902; x_wconf 74' lang='lat' dir='ltr'><strong>aliquo</strong></span> <span class='ocrx_word' id='word_1_181' title='bbox 1495 2807 1883 2906; x_wconf 88' lang='lat' dir='ltr'><strong>pertinentis</strong></span> <span class='ocrx_word' id='word_1_182' title='bbox 1971 2803 2363 2903; x_wconf 81' lang='lat' dir='ltr'><strong>significatio</strong></span> <span class='ocrx_word' id='word_1_183' title='bbox 2431 2818 2533 2879; x_wconf 85' lang='lat' dir='ltr'><strong>est</strong></span> 
     </span>
     <span class='ocr_line' id='line_1_24' title="bbox 288 2905 2531 3002; baseline 0.003 -23"><span class='ocrx_word' id='word_1_184' title='bbox 288 2908 620 3000; x_wconf 87' lang='lat' dir='ltr'><strong>adiuncta,</strong></span> <span class='ocrx_word' id='word_1_185' title='bbox 674 2905 991 3001; x_wconf 71' lang='lat' dir='ltr'><strong>hermus,</strong></span> <span class='ocrx_word' id='word_1_186' title='bbox 1021 2905 1448 2997; x_wconf 57' lang='lat' dir='ltr'><strong>heremum-,-</strong></span> <span class='ocrx_word' id='word_1_187' title='bbox 1498 2906 2230 3002; x_wconf 42' lang='lat' dir='ltr'><strong>himfixbinunter.</strong></span> <span class='ocrx_word' id='word_1_188' title='bbox 2352 2907 2531 2986; x_wconf 77' lang='lat' dir='ltr'><strong>Sunt</strong></span> 
     </span>
     <span class='ocr_line' id='line_1_25' title="bbox 289 3010 2529 3109; baseline 0.002 -28"><span class='ocrx_word' id='word_1_189' title='bbox 289 3010 403 3082; x_wconf 82' lang='lat' dir='ltr'><strong>illa</strong></span> <span class='ocrx_word' id='word_1_190' title='bbox 448 3011 752 3109; x_wconf 86' lang='lat' dir='ltr'><strong>profecto</strong></span> <span class='ocrx_word' id='word_1_191' title='bbox 769 3061 793 3101; x_wconf 90' lang='lat'><strong>,</strong></span> <span class='ocrx_word' id='word_1_192' title='bbox 867 3011 929 3081; x_wconf 90' lang='lat' dir='ltr'><strong>si</strong></span> <span class='ocrx_word' id='word_1_193' title='bbox 976 3033 1169 3081; x_wconf 90' lang='lat' dir='ltr'><strong>usum</strong></span> <span class='ocrx_word' id='word_1_194' title='bbox 1234 3020 1521 3108; x_wconf 88' lang='lat' dir='ltr'><strong>spectas,</strong></span> <span class='ocrx_word' id='word_1_195' title='bbox 1577 3013 1797 3083; x_wconf 87' lang='lat' dir='ltr'><strong>omnia</strong></span> <span class='ocrx_word' id='word_1_196' title='bbox 1847 3036 1980 3083; x_wconf 89' lang='lat' dir='ltr'><strong>non</strong></span> <span class='ocrx_word' id='word_1_197' title='bbox 2047 3012 2239 3083; x_wconf 88' lang='lat' dir='ltr'><strong>dubie</strong></span> <span class='ocrx_word' id='word_1_198' title='bbox 2290 3012 2529 3085; x_wconf 87' lang='lat' dir='ltr'><strong>adver-</strong></span> 
     </span>
     <span class='ocr_line' id='line_1_26' title="bbox 289 3113 2526 3215; baseline 0 -29"><span class='ocrx_word' id='word_1_199' title='bbox 289 3113 427 3204; x_wconf 80' lang='lat' dir='ltr'><strong>bia3</strong></span> <span class='ocrx_word' id='word_1_200' title='bbox 480 3115 588 3185; x_wconf 87' lang='lat' dir='ltr'><strong>sin</strong></span> <span class='ocrx_word' id='word_1_201' title='bbox 639 3113 1198 3210; x_wconf 79' lang='lat' dir='ltr'><strong>compositionem,</strong></span> <span class='ocrx_word' id='word_1_202' title='bbox 1250 3114 1415 3186; x_wconf 88' lang='lat' dir='ltr'><strong>illud</strong></span> <span class='ocrx_word' id='word_1_203' title='bbox 1463 3139 1696 3211; x_wconf 75' lang='lat' dir='ltr'><strong>genuS,</strong></span> <span class='ocrx_word' id='word_1_204' title='bbox 1752 3115 1925 3212; x_wconf 85' lang='lat' dir='ltr'><strong>quod</strong></span> <span class='ocrx_word' id='word_1_205' title='bbox 1975 3115 2257 3187; x_wconf 91' lang='lat' dir='ltr'><strong>medium</strong></span> <span class='ocrx_word' id='word_1_206' title='bbox 2307 3117 2526 3215; x_wconf 90' lang='lat' dir='ltr'><strong>posui,</strong></span> 
     </span>
     <span class='ocr_line' id='line_1_27' title="bbox 291 3215 2528 3314; baseline 0.002 -27"><span class='ocrx_word' id='word_1_207' title='bbox 291 3215 629 3299; x_wconf 65' lang='lat' dir='ltr'><strong>dua-el’ber</strong></span> <span class='ocrx_word' id='word_1_208' title='bbox 640 3268 666 3309; x_wconf 92' lang='lat'><strong>,</strong></span> <span class='ocrx_word' id='word_1_209' title='bbox 735 3215 1117 3287; x_wconf 56' lang='lat' dir='ltr'><strong>durantes·</strong></span> <span class='ocrx_word' id='word_1_210' title='bbox 1134 3267 1160 3308; x_wconf 93' lang='lat'><strong>,</strong></span> <span class='ocrx_word' id='word_1_211' title='bbox 1230 3217 1387 3314; x_wconf 86' lang='lat' dir='ltr'><strong>quid</strong></span> <span class='ocrx_word' id='word_1_212' title='bbox 1436 3218 1700 3290; x_wconf 89' lang='lat' dir='ltr'><strong>tandem</strong></span> <span class='ocrx_word' id='word_1_213' title='bbox 1750 3217 1927 3290; x_wconf 86' lang='lat' dir='ltr'><strong>aliud</strong></span> <span class='ocrx_word' id='word_1_214' title='bbox 1994 3242 2142 3290; x_wconf 88' lang='lat' dir='ltr'><strong>esse</strong></span> <span class='ocrx_word' id='word_1_215' title='bbox 2208 3217 2528 3311; x_wconf 77' lang='lat' dir='ltr'><strong>dicamuS,</strong></span> 
     </span>
     <span class='ocr_line' id='line_1_28' title="bbox 216 3319 2527 3419; baseline 0.001 -27"><span class='ocrx_word' id='word_1_216' title='bbox 216 3411 221 3416; x_wconf 14' lang='grc' dir='ltr'><strong><em>ἡ</em></strong></span> <span class='ocrx_word' id='word_1_217' title='bbox 291 3345 479 3419; x_wconf 81' lang='lat' dir='ltr'><strong>quam</strong></span> <span class='ocrx_word' id='word_1_218' title='bbox 526 3319 1045 3419; x_wconf 83' lang='lat' dir='ltr'><strong>praepositiones</strong></span> <span class='ocrx_word' id='word_1_219' title='bbox 1097 3321 1482 3393; x_wconf 87' lang='lat' dir='ltr'><strong>coniunctas</strong></span> <span class='ocrx_word' id='word_1_220' title='bbox 1535 3344 1686 3395; x_wconf 91' lang='lat' dir='ltr'><strong>cum</strong></span> <span class='ocrx_word' id='word_1_221' title='bbox 1716 3322 2125 3418; x_wconf 85' lang='lat' dir='ltr'><strong>pronomine,</strong></span> <span class='ocrx_word' id='word_1_222' title='bbox 2179 3321 2353 3419; x_wconf 85' lang='lat' dir='ltr'><strong>quod</strong></span> <span class='ocrx_word' id='word_1_223' title='bbox 2401 3347 2527 3419; x_wconf 88' lang='lat' dir='ltr'><strong>pro</strong></span> 
     </span>
     <span class='ocr_line' id='line_1_29' title="bbox 289 3422 2528 3522; baseline -0 -26"><span class='ocrx_word' id='word_1_224' title='bbox 289 3447 357 3496; x_wconf 86' lang='lat' dir='ltr'><strong>re</strong></span> <span class='ocrx_word' id='word_1_225' title='bbox 403 3425 579 3520; x_wconf 88' lang='lat' dir='ltr'><strong>ipsa,</strong></span> <span class='ocrx_word' id='word_1_226' title='bbox 634 3446 801 3519; x_wconf 85' lang='lat' dir='ltr'><strong>quae</strong></span> <span class='ocrx_word' id='word_1_227' title='bbox 853 3447 941 3495; x_wconf 85' lang='lat' dir='ltr'><strong>ex</strong></span> <span class='ocrx_word' id='word_1_228' title='bbox 987 3422 1242 3519; x_wconf 88' lang='lat' dir='ltr'><strong>reliqua</strong></span> <span class='ocrx_word' id='word_1_229' title='bbox 1294 3424 1588 3496; x_wconf 88' lang='lat' dir='ltr'><strong>oratione</strong></span> <span class='ocrx_word' id='word_1_230' title='bbox 1654 3431 2131 3520; x_wconf 78' lang='lat' dir='ltr'><strong>cognoscatur,</strong></span> <span class='ocrx_word' id='word_1_231' title='bbox 2186 3426 2274 3498; x_wconf 91' lang='lat' dir='ltr'><strong>sit</strong></span> <span class='ocrx_word' id='word_1_232' title='bbox 2339 3426 2528 3522; x_wconf 88' lang='lat' dir='ltr'><strong>posi-</strong></span> 
     </span>
     <span class='ocr_line' id='line_1_30' title="bbox 288 3520 2526 3626; baseline 0 -26"><span class='ocrx_word' id='word_1_233' title='bbox 288 3534 420 3599; x_wconf 82' lang='lat' dir='ltr'><strong>tum</strong></span> <span class='ocrx_word' id='word_1_234' title='bbox 435 3520 476 3600; x_wconf 74' lang='lat' dir='ltr'>P</span> <span class='ocrx_word' id='word_1_235' title='bbox 579 3525 663 3597; x_wconf 93' lang='lat' dir='ltr'><strong>Id</strong></span> <span class='ocrx_word' id='word_1_236' title='bbox 730 3525 1249 3597; x_wconf 87' lang='lat' dir='ltr'><strong>manifestissime</strong></span> <span class='ocrx_word' id='word_1_237' title='bbox 1315 3535 1589 3623; x_wconf 88' lang='lat' dir='ltr'><strong>apparet</strong></span> <span class='ocrx_word' id='word_1_238' title='bbox 1649 3551 1732 3599; x_wconf 87' lang='lat' dir='ltr'><strong>eo</strong></span> <span class='ocrx_word' id='word_1_239' title='bbox 1745 3579 1770 3620; x_wconf 97' lang='lat'><strong>,</strong></span> <span class='ocrx_word' id='word_1_240' title='bbox 1855 3527 2030 3626; x_wconf 86' lang='lat' dir='ltr'><strong>quod</strong></span> <span class='ocrx_word' id='word_1_241' title='bbox 2112 3528 2309 3599; x_wconf 88' lang='lat' dir='ltr'><strong>etiam</strong></span> <span class='ocrx_word' id='word_1_242' title='bbox 2373 3551 2526 3601; x_wconf 86' lang='lat' dir='ltr'><strong>cum</strong></span> 
     </span>
     <span class='ocr_line' id='line_1_31' title="bbox 284 3623 2526 3732; baseline 0 -31.002"><span class='ocrx_word' id='word_1_243' title='bbox 284 3629 444 3727; x_wconf 85' lang='lat' dir='ltr'><strong>ipsis</strong></span> <span class='ocrx_word' id='word_1_244' title='bbox 492 3629 860 3701; x_wconf 88' lang='lat' dir='ltr'><strong>nominibus</strong></span> <span class='ocrx_word' id='word_1_245' title='bbox 909 3626 989 3700; x_wconf 85' lang='lat' dir='ltr'><strong>fit</strong></span> <span class='ocrx_word' id='word_1_246' title='bbox 1034 3628 1186 3700; x_wconf 83' lang='lat' dir='ltr'><strong>talis</strong></span> <span class='ocrx_word' id='word_1_247' title='bbox 1236 3630 1636 3732; x_wconf 84' lang='lat' dir='ltr'><strong>coniunctio,</strong></span> <span class='ocrx_word' id='word_1_248' title='bbox 1690 3638 1767 3702; x_wconf 92' lang='lat' dir='ltr'><strong>ut</strong></span> <span class='ocrx_word' id='word_1_249' title='bbox 1816 3628 2134 3723; x_wconf 72' lang='lat' dir='ltr'><strong>bergam,</strong></span> <span class='ocrx_word' id='word_1_250' title='bbox 2189 3623 2526 3724; x_wconf 74' lang='lat' dir='ltr'><strong>bergun-</strong></span> 
     </span>
     <span class='ocr_line' id='line_1_32' title="bbox 288 3731 2521 3832; baseline 0.002 -29"><span class='ocrx_word' id='word_1_251' title='bbox 288 3743 453 3819; x_wconf 77' lang='lat' dir='ltr'><strong>ter;</strong></span> <span class='ocrx_word' id='word_1_252' title='bbox 519 3742 869 3803; x_wconf 65' lang='lat' dir='ltr'><strong>stromata</strong></span> <span class='ocrx_word' id='word_1_253' title='bbox 887 3783 911 3823; x_wconf 90' lang='lat'><strong>,</strong></span> <span class='ocrx_word' id='word_1_254' title='bbox 979 3740 1478 3804; x_wconf 71' lang='lat' dir='ltr'><strong>stromater.</strong></span> <span class='ocrx_word' id='word_1_255' title='bbox 1607 3732 1808 3806; x_wconf 89' lang='lat' dir='ltr'><strong>Nunc</strong></span> <span class='ocrx_word' id='word_1_256' title='bbox 1875 3731 2125 3808; x_wconf 86' lang='lat' dir='ltr'><strong>Graeci</strong></span> <span class='ocrx_word' id='word_1_257' title='bbox 2141 3786 2166 3827; x_wconf 96' lang='lat'><strong>,</strong></span> <span class='ocrx_word' id='word_1_258' title='bbox 2249 3759 2521 3832; x_wconf 86' lang='lat' dir='ltr'><strong>quorum</strong></span> 
     </span>
     <span class='ocr_line' id='line_1_33' title="bbox 286 3833 2522 3933; baseline 0.002 -26"><span class='ocrx_word' id='word_1_259' title='bbox 286 3833 504 3932; x_wconf 88' lang='lat' dir='ltr'><strong>lingna</strong></span> <span class='ocrx_word' id='word_1_260' title='bbox 569 3860 704 3908; x_wconf 90' lang='lat' dir='ltr'><strong>non</strong></span> <span class='ocrx_word' id='word_1_261' title='bbox 779 3834 1028 3932; x_wconf 86' lang='lat' dir='ltr'><strong>patitur</strong></span> <span class='ocrx_word' id='word_1_262' title='bbox 1106 3835 1657 3933; x_wconf 82' lang='lat' dir='ltr'><strong>praepositionem</strong></span> <span class='ocrx_word' id='word_1_263' title='bbox 1744 3859 1895 3909; x_wconf 83' lang='lat' dir='ltr'><strong>eum</strong></span> <span class='ocrx_word' id='word_1_264' title='bbox 1970 3837 2338 3910; x_wconf 86' lang='lat' dir='ltr'><strong>nominibus</strong></span> <span class='ocrx_word' id='word_1_265' title='bbox 2407 3848 2522 3911; x_wconf 89' lang='lat' dir='ltr'><strong>aut</strong></span> 
     </span>
     <span class='ocr_line' id='line_1_34' title="bbox 283 3938 2518 4036; baseline 0 -26"><span class='ocrx_word' id='word_1_266' title='bbox 283 3938 769 4036; x_wconf 85' lang='lat' dir='ltr'><strong>pronominibus</strong></span> <span class='ocrx_word' id='word_1_267' title='bbox 831 3938 903 4009; x_wconf 90' lang='lat' dir='ltr'><strong>in</strong></span> <span class='ocrx_word' id='word_1_268' title='bbox 964 3955 1168 4010; x_wconf 79' lang='lat' dir='ltr'><strong>unum</strong></span> <span class='ocrx_word' id='word_1_269' title='bbox 1234 3938 1583 4031; x_wconf 83' lang='lat' dir='ltr'><strong>confundi,</strong></span> <span class='ocrx_word' id='word_1_270' title='bbox 1652 3939 1959 4013; x_wconf 85' lang='lat' dir='ltr'><strong>omittunt</strong></span> <span class='ocrx_word' id='word_1_271' title='bbox 2021 3964 2257 4013; x_wconf 89' lang='lat' dir='ltr'><strong>nomen</strong></span> <span class='ocrx_word' id='word_1_272' title='bbox 2271 3992 2297 4033; x_wconf 92' lang='lat'><strong>,</strong></span> <span class='ocrx_word' id='word_1_273' title='bbox 2374 3939 2518 4012; x_wconf 86' lang='lat' dir='ltr'><strong>sola</strong></span> 
     </span>
     <span class='ocr_line' id='line_1_35' title="bbox 284 4038 2514 4140; baseline 0.001 -27"><span class='ocrx_word' id='word_1_274' title='bbox 284 4042 765 4140; x_wconf 86' lang='lat' dir='ltr'><strong>praepositione</strong></span> <span class='ocrx_word' id='word_1_275' title='bbox 813 4049 1096 4116; x_wconf 76' lang='lat' dir='ltr'><strong>utentes.</strong></span> <span class='ocrx_word' id='word_1_276' title='bbox 1200 4038 1326 4115; x_wconf 85' lang='lat' dir='ltr'><strong>Sic</strong></span> <span class='ocrx_word' id='word_1_277' title='bbox 1376 4041 1550 4139; x_wconf 84' lang='lat' dir='ltr'><strong>quod</strong></span> <span class='ocrx_word' id='word_1_278' title='bbox 1601 4040 1930 4115; x_wconf 88' lang='lat' dir='ltr'><strong>Homerus</strong></span> <span class='ocrx_word' id='word_1_279' title='bbox 1981 4043 2177 4134; x_wconf 91' lang='lat' dir='ltr'><strong>dicit,</strong></span> <span class='ocrx_word' id='word_1_280' title='bbox 2246 4045 2364 4116; x_wconf 72' lang='grc' dir='ltr'><strong>ἔπι</strong></span> <span class='ocrx_word' id='word_1_281' title='bbox 2428 4041 2514 4117; x_wconf 79' lang='grc' dir='ltr'><strong>δὲ</strong></span> 
     </span>
     <span class='ocr_line' id='line_1_36' title="bbox 285 4141 2515 4244; baseline 0 -26"><span class='ocrx_word' id='word_1_282' title='bbox 285 4142 623 4244; x_wconf 81' lang='grc' dir='ltr'><em>κρόμυον</em></span> <span class='ocrx_word' id='word_1_283' title='bbox 671 4152 881 4242; x_wconf 78' lang='grc' dir='ltr'>ποτῷ</span> <span class='ocrx_word' id='word_1_284' title='bbox 922 4145 1170 4244; x_wconf 78' lang='grc' dir='ltr'><strong><em>ὄψον,</em></strong></span> <span class='ocrx_word' id='word_1_285' title='bbox 1225 4141 1625 4218; x_wconf 83' lang='lat' dir='ltr'><strong>Germanice</strong></span> <span class='ocrx_word' id='word_1_286' title='bbox 1688 4146 1872 4218; x_wconf 84' lang='lat' dir='ltr'><strong>dicas</strong></span> <span class='ocrx_word' id='word_1_287' title='bbox 1937 4145 2181 4216; x_wconf 67' lang='lat' dir='ltr'><strong>daza:</strong></span> <span class='ocrx_word' id='word_1_288' title='bbox 2224 4143 2515 4232; x_wconf 37' lang='lat' dir='ltr'><strong>,Graece</strong></span> 
     </span>
     <span class='ocr_line' id='line_1_37' title="bbox 284 4244 2515 4345; baseline 0.002 -26"><span class='ocrx_word' id='word_1_289' title='bbox 284 4248 435 4345; x_wconf 84' lang='lat' dir='ltr'><strong>quid</strong></span> <span class='ocrx_word' id='word_1_290' title='bbox 482 4247 554 4320; x_wconf 89' lang='lat' dir='ltr'><strong>id</strong></span> <span class='ocrx_word' id='word_1_291' title='bbox 603 4255 705 4320; x_wconf 86' lang='lat' dir='ltr'><strong>est</strong></span> <span class='ocrx_word' id='word_1_292' title='bbox 755 4247 930 4319; x_wconf 78' lang='lat' dir='ltr'><strong>aliud</strong></span> <span class='ocrx_word' id='word_1_293' title='bbox 982 4272 1174 4345; x_wconf 80' lang='lat' dir='ltr'><strong>quam</strong></span> <span class='ocrx_word' id='word_1_294' title='bbox 1225 4247 1345 4322; x_wconf 77' lang='grc' dir='ltr'><strong>ἐπὶ</strong></span> <span class='ocrx_word' id='word_1_295' title='bbox 1409 4244 1756 4331; x_wconf 66' lang='grc' dir='ltr'>τούτοις-9</span> <span class='ocrx_word' id='word_1_296' title='bbox 1857 4246 1999 4321; x_wconf 84' lang='lat' dir='ltr'><strong>Sed</strong></span> <span class='ocrx_word' id='word_1_297' title='bbox 2059 4248 2223 4320; x_wconf 82' lang='lat' dir='ltr'><strong>illud</strong></span> <span class='ocrx_word' id='word_1_298' title='bbox 2284 4249 2344 4321; x_wconf 81' lang='lat' dir='ltr'><strong>si</strong></span> <span class='ocrx_word' id='word_1_299' title='bbox 2395 4250 2515 4323; x_wconf 77' lang='grc' dir='ltr'><strong>ἐπὶ</strong></span> 
     </span>
     <span class='ocr_line' id='line_1_38' title="bbox 282 4350 2516 4450; baseline 0.001 -27"><span class='ocrx_word' id='word_1_300' title='bbox 282 4352 846 4449; x_wconf 81' lang='lat' dir='ltr'><strong>pronunciaretur,</strong></span> <span class='ocrx_word' id='word_1_301' title='bbox 898 4350 1110 4423; x_wconf 87' lang='lat' dir='ltr'><strong>biaret</strong></span> <span class='ocrx_word' id='word_1_302' title='bbox 1157 4352 1394 4443; x_wconf 88' lang='lat' dir='ltr'><strong>oratio,</strong></span> <span class='ocrx_word' id='word_1_303' title='bbox 1447 4358 2069 4450; x_wconf 84' lang='lat' dir='ltr'><strong>exspectaretnrque</strong></span> <span class='ocrx_word' id='word_1_304' title='bbox 2110 4376 2347 4425; x_wconf 88' lang='lat' dir='ltr'><strong>nomen</strong></span> <span class='ocrx_word' id='word_1_305' title='bbox 2399 4359 2516 4425; x_wconf 88' lang='lat' dir='ltr'><strong>aut</strong></span> 
     </span>
    </p>
   </div>
   <div class='ocr_carea' id='block_1_3' title="bbox 283 4454 2511 4631">
    <p class='ocr_par' dir='ltr' id='par_1_3' title="bbox 283 4454 2511 4631">
     <span class='ocr_line' id='line_1_39' title="bbox 283 4454 2511 4630; baseline 0 -103"><span class='ocrx_word' id='word_1_306' title='bbox 283 4477 659 4628; x_wconf 58' lang='lat' dir='ltr'><strong>profiomen.</strong></span> <span class='ocrx_word' id='word_1_307' title='bbox 710 4455 972 4630; x_wconf 66' lang='lat' dir='ltr'><strong>OQro</strong></span> <span class='ocrx_word' id='word_1_308' title='bbox 1001 4454 1241 4528; x_wconf 85' lang='lat' dir='ltr'><strong>emisse</strong></span> <span class='ocrx_word' id='word_1_309' title='bbox 1307 4455 1567 4551; x_wconf 83' lang='lat' dir='ltr'><strong>gravius</strong></span> <span class='ocrx_word' id='word_1_310' title='bbox 1632 4455 2066 4552; x_wconf 87' lang='lat' dir='ltr'><strong>pronunciata</strong></span> <span class='ocrx_word' id='word_1_311' title='bbox 2113 4456 2511 4554; x_wconf 84' lang='lat' dir='ltr'><strong>praepositio</strong></span> 
     </span>
     <span class='ocr_line' id='line_1_40' title="bbox 457 4581 994 4631; baseline 0.002 -4"><span class='ocrx_word' id='word_1_312' title='bbox 457 4581 654 4631; x_wconf 74' lang='lat' dir='ltr'><strong>num.</strong></span> <span class='ocrx_word' id='word_1_313' title='bbox 784 4583 850 4630; x_wconf 82' lang='lat' dir='ltr'><strong>P.</strong></span> <span class='ocrx_word' id='word_1_314' title='bbox 973 4607 994 4628; x_wconf 90' lang='lat'><strong>.</strong></span> 
     </span>
    </p>
   </div>
  </div>
 </body>
</html>
