3275 5317
1230 467 1737 536 Lchnou
2559 472 2609 540 ἱ

359 631 596 708 Priora
646 628 776 707 dno
825 627 1028 706 verha
1074 631 1421 707 emendata
1468 630 1790 710 dederunt
1837 630 2132 728 oodiees,
2182 634 2486 710 ultimum
2532 636 2638 726 ἰιια

357 732 582 812 MSS.
631 735 832 824 etiam
882 736 1173 833 ἔχοντες
1222 745 1293 811 et
1340 737 1650 832 ἔχοντας
1699 737 2046 838 seriptum.
2148 737 2301 832 Quo
2341 740 2601 815 facilius

356 839 664 935 Μαι-ὢ,
713 839 999 935 Barthii,
1048 838 1282 935 Petiti,
1334 840 1687 939 Tyrwhitti
1730 841 2129 917 coniecturis
2161 866 2389 917 emere
2436 845 2601 943 pos-J

357 963 606 1017 umus.
707 941 859 1019 Nee
910 944 1085 1042 qnod
1136 941 1231 1019 G.
1281 942 1630 1019 Dindorfio
1662 946 1877 1020 visum
1906 954 2034 1040 est,
2084 942 2400 1044 Aeschyli
2447 971 2603 1020 ver-

356 1046 446 1121 ha
489 1046 774 1120 fnisse'
745 1047 920 1147 όρεί
974 1047 1240 1151 Royan?
1294 1046 1609 1145 ἔχοντες,
1663 1074 1789 1149 ego
1838 1058 1919 1124 ut
1966 1049 2234 1125 credam
2284 1049 2598 1144 adducor,

356 1150 472 1249 qui
518 1148 623 1225 sie
669 1172 902 1250 parum
951 1151 1185 1249 dignos
1232 1148 1566 1251 Aeschylo
1616 1175 1926 1229 numeros
1991 1153 2272 1231 evadere
2319 1152 2599 1270 videam,

355 1252 475 1328 sed
523 1253 629 1330 sie
675 1275 828 1328 eum
874 1255 1222 1355 scripsisse
1272 1255 1614 1331 existimoz

767 1405 898 1484 καὶ
947 1409 1154 1509 ὄρεια
1196 1413 1461 1513 χεροῖν
1512 1402 1774 1513 όργαν’
1829 1407 2140 1506 ἔχοντες.

355 1559 549 1655 Quae
597 1570 984 1660 sequuntur,
1034 1561 1135 1637 uti
1182 1565 1378 1662 vulgo
1427 1562 1841 1663 legebantur,
1891 1562 2160 1664 repetiit
2210 1559 2465 1637 Galeas
2514 1559 2603 1636 ad
2737 1615 2743 1622 -

353 1661 786 1739 Iambliehnm
836 1692 909 1765 Ρ.
961 1669 1140 1742 227.
1242 1664 1463 1742 Aliter
1526 1669 1752 1766 paullo
1817 1667 2072 1765 scripta
2135 1666 2316 1739 dedit
2367 1660 2599 1742 Scali-

353 1791 477 1866 ger
540 1767 629 1841 ad
697 1766 944 1852 catulli
1010 1768 1498 1869 epithalamium
1546 1769 1736 1845 Pelei
1786 1796 1851 1845 v.
1906 1773 2087 1844 264.
2222 1765 2598 1842 Emendare

354 1869 608 1945 studuit
650 1869 713 1943 F
713 1873 956 1968 lonllo,
1010 1873 1092 1948 de
1140 1898 1324 1947 more
1374 1873 1606 1946 alienis
1656 1897 1845 1967 usus,
1894 1872 1967 1945 in
2011 1870 2390 1947 Observatt.
2444 1870 2595 1966 erit.

353 1972 428 2047 in
490 1970 909 2049 Athenaeum
973 2001 1048 2074 Ρ.
1100 1978 1227 2050 39.
1298 1999 1443 2073 seq.
1544 1972 1877 2096 Pleraque
1943 1975 2285 2049 emendate
2349 1961 2599 2072 seripta

356 2074 652 2152 exhibuit
698 2077 770 2152 N
768 2078 1000 2152 aeklus
1052 2077 1133 2152 in
1198 2074 1484 2152 Sehedis
1536 2077 1788 2153 eritieis
1836 2103 1911 2178 Ρ.
1962 2081 2091 2153 24.
2169 2100 2436 2150 servans
2483 2076 2596 2149 ille

354 2186 576 2254 tamen
626 2188 695 2254 et
743 2181 1095 2255 defendens
1146 2179 1820 2276 ὃακτυλόὸεικτον,
1888 2204 2057 2282 quae
2117 2179 2433 2253 librorum
2496 2186 2601 2253 est

355 2281 645 2357 omnium
694 2285 1060 2383 seriptura-
1112 2284 1232 2358 sed
1282 2309 1475 2384 quem
1524 2284 1718 2359 affert
1765 2281 2276 2383 Agamemnonis
2340 2305 2600 2356 versum

364 2389 592 2460 1341.
641 2385 713 2459 in
762 2411 843 2460 eo
893 2412 1027 2462 vox
1073 2388 1193 2461 illa
1238 2411 1374 2463 non
1423 2412 1618 2462 secus
1670 2395 1869 2485 atque
1918 2387 2077 2461 alibi
2140 2411 2292 2460 eum
2341 2382 2601 2483 signifi-

355 2496 495 2583 eat,
546 2488 685 2587 qui,
735 2498 814 2565 ut
859 2489 1124 2564 Horatii
1171 2492 1389 2565 verbis
1439 2499 1616 2584 utar,
1671 2490 1892 2588 digitis
1941 2496 2344 2565 monstratur
2391 2512 2596 2588 prae-

353 2594 774 2682 tereuntium.
876 2591 1223 2668 Loheekio
1287 2594 1373 2667 ad
1420 2592 1866 2692 Pltryniehum
1928 2616 2002 2691 Ρ.
2068 2597 2247 2667 623.
2300 2592 2598 2665 seriben-

357 2695 514 2769 dum
591 2696 933 2771 videbatur
1008 2694 1684 2774 ὃακτυλότευκτον.
1846 2694 2135 2771 Iaeohsii
2212 2694 2597 2825 perelegans

356 2798 741 2872 coniectura
789 2807 893 2873 est
920 2799 993 2872 in
1018 2793 1275 2874 Exere.
1328 2803 1480 2878 erit.
1509 2799 1574 2873 Ι.
1625 2825 1699 2899 Ρ.
1737 2800 1912 2874 145.
1963 2794 2594 2876 ὃακτυλόθικτον.

355 2898 504 2976 Sed
550 2909 770 2977 tamen
818 2902 1030 2975 lenior
1080 2911 1184 2976 est
1231 2926 1383 2977 raro
1434 2902 1651 2975 felieis
1679 2900 1937 2975 Pauwii
1976 2897 2595 2989 ὃακτυλόὸικτον,

358 3029 667 3104 quocum,
719 3005 846 3078 etsi
891 3004 965 3077 in
1012 3029 1088 3078 re
1118 3004 1305 3078 valde
1335 3001 1659 3096 dissimili,
1710 3003 2082 3099 comparari
2129 3007 2371 3101 potest,
2423 2953 2598 3102 quod

354 3107 428 3181 in
496 3103 744 3182 Oreste
808 3134 873 3181 v.
935 3110 1156 3182 1470.
1220 3107 1502 3203 legitur,
1569 3107 1645 3188 ἐς
1710 3099 1953 3234 κόμας
2017 3101 2104 3181 δὲ
2173 3100 2597 3191 δακτύλους

356 3208 600 3288 δικῶν
640 3211 1014 3313 Ὀρέστας.
1114 3207 1398 3308 Legitur
1462 3202 2100 3301 δακτυλόὸικτον,
2168 3208 2288 3281 sed
2349 3233 2596 3309 perpe-
2679 3293 2686 3300 ‚

356 3338 542 3492 33„
581 3307 2600 3514 23210ss“²§32535{‘31²5‚„⁸225ffi20ssf¹¹3u03³⁸33352312

356 3546 441 3645 ιιι
357 3525 937 3699 ιἨΒχαλκοθροῒς
985 3519 1300 3613 mutabat,
1350 3525 1615 3593 notatus
1680 3539 1724 3592 a
1769 3515 2074 3593 Porseno
2136 3518 2210 3590 in
2255 3516 2598 3593 Adversa-

357 3649 601 3724 rns.p
663 3628 834 3698 122.
933 3622 1089 3697 Νοιι
1137 3622 1520 3697 meminerat
1567 3621 1672 3694 vir
1721 3643 2010 3695 summus
2060 3619 2430 3716 Athenaei,
2483 3621 2598 3721 qui

237 3731 241 3736 ’
359 3725 498 3802 XI.
563 3754 635 3827 Ρ.
686 3730 868 3802 479.
920 3726 1009 3800 Β.
1077 3725 1178 3799 sie
1228 3723 1494 3810 scribit.
1561 3723 1693 3802 καὶ
1754 3724 1853 3802 τὰ
1902 3723 2262 3826 κύμβαλα
2313 3724 2398 3801 <5³
2452 3729 2597 3803 Az

366 3828 635 3929 σχύλος
685 3834 769 3908 ἐν
789 3824 1174 3914 Ἠδωνοῖς
1223 3826 1543 3914 κοτύλας
1597 3831 1922 3929 ειρηκεν·
1992 3829 2036 3905 ὃ
2105 3826 2190 3904 δε
2233 3825 2599 3926 χαλκοδέ-

365 3964 521 4020 τοις
572 3931 921 4019 κοτύλαις
967 3935 1242 4032 ὀτοβεῖ.
1345 3932 1642 4032 Repetiit
1679 3933 1797 4006 illa
1820 3929 2210 4007 Eustathius
2260 3958 2332 4031 Ρ.
2372 3934 2599 4026 1282,

367 4041 493 4114 6⁰.
543 4038 802 4112 fabulae
850 4037 1111 4111 nomine
1161 4038 1292 4110 et‘
1269 4036 1309 4112 ὀ
1345 4033 1430 4111 δὲ
1482 4037 1766 4110 omissis.
1869 4033 2277 4111 scholiastes
2325 4033 2599 4109 Homeri

366 4140 454 4215 ud
513 4140 709 4215 Iliad.
778 4135 1025 4213 XXII.
1094 4142 1220 4214 34.
1300 4136 1644 4216 καθόλου
1710 4137 1799 4214 δὲ
1877 4135 2196 4222 κοτύλας
2277 4133 2596 4269 ἐκάλουν

370 4240 626 4322 παντα
671 4242 771 4321 τὰ
822 4245 1071 4321 κοῖλα·
1125 4241 1256 4320 καὶ
1302 4239 1764 4341 Αἲσχύλος’
1735 4273 1820 4322 εν
1837 4241 2203 4325 Ηὸωνοῖς
2251 4239 2352 4319 τὰ
2401 4236 2597 4339 κύμ·-

371 4349 612 4444 βαλα·
664 4347 706 4425 ὃ
758 4341 847 4424 δὲ
890 4345 1367 4446 χαλκοδέτοις
1416 4343 1768 4432 κοτύλαις
1796 4345 1978 4443 ἠχεῖ.
2046 4341 2173 4422 Sio
2200 4341 2366 4421 MS.
2416 4341 2596 4420 ven.

374 4459 445 4528 et
502 4451 730 4531 codex
788 4449 903 4528 Is.
965 4449 1231 4527 vossii·
1307 4451 1427 4527 sed
1499 4449 1927 4527 Victorianus
1987 4448 2120 4527 levi
2189 4446 2599 4526 aberratione
