3275 5317
1204 444 1753 544 immoni
1967 489 1979 514 ³
2578 477 2623 545 s

387 662 555 739 quae
605 637 1005 714 Welckerus
1068 637 1141 711 in
1188 637 1354 715 libro
1409 640 1491 714 de
1552 639 1817 737 trilogia
1880 636 2193 737 Aeschyli
2254 640 2621 741 perscripta

385 746 454 816 in
504 741 843 841 Lycurgia
890 743 1091 816 fuisse
1140 744 1469 837 narravit,
1525 744 1805 840 coguitis
1860 744 2027 817 veris
2074 743 2440 816 fabularum
2489 770 2618 819 no-

376 847 666 919 minibus
716 871 1018 942 magnam
1080 855 1337 944 partem
1400 848 1543 945 ipse
1607 848 1679 918 in
1744 843 2131 945 Appendice
2200 848 2619 922 commutavit

385 974 539 1024 cum
590 949 763 1042 aliis,
817 973 982 1046 quae
1032 950 1178 1047 pari
1230 975 1380 1023 cum
1429 949 1673 1023 fiducia
1713 950 2222 1048 prolata'parem
2271 958 2347 1022 ut
2396 950 2619 1048 priora

383 1054 501 1125 illa
565 1052 761 1125 fidem
825 1052 1064 1149 habere
1116 1054 1357 1126 nemini
1421 1054 1656 1125 mirum
1727 1053 2067 1135 videbitur.
2198 1050 2453 1125 Eorum
2505 1053 2621 1126 illa

326 1150 333 1158 ’
384 1156 548 1228 satis
602 1156 729 1228 erit
779 1156 1123 1251 attingere,
1178 1157 1408 1255 quibus
1460 1157 1740 1229 fortasse
1811 1157 2007 1228 etiam
2059 1156 2170 1253 qui
2220 1181 2353 1228 nou
2404 1156 2619 1229 omnia

382 1259 663 1332 credunt
710 1258 852 1330 falli
900 1260 1179 1356 possint.
1281 1257 1459 1334 Sunt
1508 1267 1728 1333 tamen
1778 1260 1974 1334 etiam
1986 1311 2014 1353 ‚
2060 1282 2225 1356 quae
2249 1266 2433 1333 recte
2459 1283 2617 1357 per-

381 1362 683 1463 spexisse
732 1361 1052 1435 videatur.

542 1519 547 1522 -
591 1462 958 1538 Fatendum
1025 1474 1127 1539 est
1137 1517 1165 1559 ,
1235 1490 1403 1564 quae
1467 1464 1911 1565 Apollodorus
1981 1467 2221 1559 refert,
2309 1466 2406 1540 ita
2471 1489 2618 1539 esse

380 1574 788 1668 comparata,
841 1576 940 1660 ut,
994 1569 1297 1666 quoniam
1343 1570 1551 1642 tribus
1604 1571 1790 1668 quasi
1842 1570 2094 1644 actibus
2123 1576 2449 1661 constant,
2503 1592 2619 1641 sa-

378 1672 470 1745 tis
537 1679 759 1770 aptam
820 1671 1161 1744 videantur
1241 1673 1614 1747 condendae
1666 1673 1964 1769 trilogiae
2014 1672 2352 1745 materiam
2416 1695 2619 1768 prae-

377 1774 565 1848 bere.
664 1771 841 1847 Nam
904 1784 1250 1873 postquam
1311 1775 1653 1849 Bacchum
1722 1775 1888 1849 dixit
1951 1777 2022 1846 in
2071 1774 2360 1873 Phrygia
2410 1773 2616 1846 sacris

377 1876 612 1951 Rheae
680 1878 958 1974 cognitis
1026 1886 1409 1976 sumptoque
1475 1879 1718 1952 usitato
1783 1878 1855 1949 in
1916 1878 2047 1949 illis
2110 1880 2351 1950 vestitu
2415 1875 2616 1950 Indos

377 1981 565 2054 adire
614 2004 737 2078 per
803 1980 1165 2054 Thraciam
1230 1982 1630 2073 instituisse,
1699 1982 1798 2053 sic
1848 1981 2099 2078 pergit:
2166 1982 2615 2081 Λυκοῦργος

377 2081 509 2170 δέ,
575 2089 752 2167 παῖς
817 2080 1253 2183 Δρύαντος,
1325 2082 1691 2160 Ἠδωνῶν
1754 2079 2147 2182 βασιλεύς,
2217 2085 2290 2158 οἳ
2354 2078 2615 2181 Στρυὲ

375 2182 587 2288 μόνα
646 2186 992 2286 ποταμὸν
1057 2195 1542 2284 παροικοῦσι,
1609 2194 1907 2285 πρῶτος
1971 2184 2295 2287 ὑβρίσας
2362 2186 2616 2285 ἐξέβα-

360 2287 510 2367 ’λεν
563 2286 821 2366 αὐτόν.
876 2290 1003 2364 καὶ
1052 2288 1423 2374 Διόνυσος
1472 2288 1617 2391 μὲν
1650 2297 1752 2374 εἰς
1781 2286 2425 2390 θάλασσαν’πρός
2484 2288 2616 2363 (95-

374 2422 506 2471 τιν
553 2392 695 2488 τὴν
744 2394 1050 2492 Νηρέως
1114 2394 1524 2497 κατέφυγε·
1593 2390 1894 2490 Βάκχαι
1959 2391 2044 2469 δὲ
2099 2393 2440 2496 ἐγένοντο
2496 2396 2613 2466 αἰ-

367 2493 764 2596 χμάλωτοι
814 2496 942 2571 καὶ
1004 2497 1090 2572 τὸ
1147 2495 1662 2598 συνεπόμενον
1715 2494 2068 2598 σατύρων
2132 2500 2422 2591 πλῆθος
2474 2495 2613 2569 αὗ-

374 2609 513 2700 τῷ.
584 2596 814 2685 αὖθις
880 2599 966 2676 δὲ
1033 2603 1114 2676 αἱ
1178 2598 1477 2697 Βάκχαι
1543 2598 1930 2697 ἐλύθησαν
1994 2598 2375 2698 ἐξαίφνης·
2443 2601 2630 2673 Λυ-·

375 2700 686 2807 κούργῳ
750 2701 834 2778 δὲ
900 2702 1189 2804 μανίαν
1253 2704 1544 2801 ἐποίησε
1596 2702 1988 2789 Διόνυσος.
2042 2704 2084 2779 ὃ
2139 2701 2223 2777 δὲ
2264 2699 2662 2802 μεμηνώςὸ

374 2806 748 2907 Δρύαντα
795 2806 936 2884 τὸν
962 2808 1226 2898 παῖὸα,
1281 2800 1614 2909 ἀμπέλου
1655 2808 1990 2906 νομίζων
2015 2814 2261 2905 κλῆμα
2288 2802 2614 2894 κόπτειν,

373 2912 660 2986 πελέκει
711 2909 984 3007 πλήξας
1037 2913 1440 3001 ἀπέκτεινε,
1506 2912 1634 2987 καὶ
1701 2908 2272 3010 ἀκρωτηριάσας
2340 2908 2614 2984 ἑαυτὸν

375 3011 884 3115 ἐσωφρόνησε.
937 3023 1069 3111 τῆς
1133 3013 1217 3092 δὲ
1282 3024 1419 3119 γῆς
1486 3011 1831 3114 ἀκάρπου
1883 3010 2255 3114 μενούσης
2309 3014 2615 3111 ἔχρησεν

374 3119 424 3195 ὅ
475 3118 660 3202 θεὸς
711 3117 1315 3219 καρποφορήσειν
1343 3114 1601 3214 αὐτήν,
1658 3117 1760 3195 ἀν
1790 3120 2226 3213 θανατωθῇ
2256 3120 2614 3213 Λυκοῦρ-

368 3252 536 3329 γος.
633 3220 960 3299 Ἠδωνοὶ
1010 3221 1094 3298 δὲ
1151 3217 1650 3311 ἀκούσαντες,
1719 3227 1820 3306 εἰς
1870 3221 1957 3296 τὸ
2013 3225 2424 3323 Παγγαῖον
2477 3220 2616 3294 αὗ-

366 3325 522 3403 τόν
575 3321 1094 3454 ἀπαγαῖόντες
1146 3327 1320 3426 ὄρος
1371 3325 1677 3422 ἔδησαν,
1729 3326 1944 3400 κάκεῖ
1988 3323 2182 3399 κατὰ
2235 3319 2613 3399 Διονύσου

366 3426 749 3531 βούλησιν
799 3428 949 3504 υπὸ
1000 3432 1253 3505 ἵππων
1303 3427 1762 3529 διαφθαρεὶς
1815 3428 2218 3503 ἀπέθανεν.
2322 3424 2617 3522 Heynius

282 3605 291 3612 ,
368 3537 448 3607 in
500 3534 604 3604 his
656 3557 743 3605 ex
791 3533 1000 3604 tribus
1066 3532 1400 3605 codicibus
1467 3532 1669 3604 edidit
1732 3526 2301 3629 ἀκρωτηριάσας
2352 3524 2614 3623 αὐτόν,

370 3636 558 3738 quod
622 3634 1137 3734 posthabendum
1218 3635 1498 3707 arbitror
1579 3634 1770 3707 alteri
1836 3635 2242 3732 scripturae,
2311 3633 2616 3730 quoniam

366 3741 618 3841 pedem
667 3739 791 3811 sibi
841 3738 1240 3836 praecidisse
1290 3735 1675 3833 Lycurgum
1726 3744 1793 3810 et
1842 3738 2197 3834 scriptores
2250 3760 2382 3808 uon
2419 3735 2616 3834 pauci

366 3842 790 3919 tradiderunt
840 3849 910 3913 et
956 3842 1253 3938 picturae
1304 3848 1556 3913 veteres
1608 3839 1907 3912 videntur
1956 3836 2348 3936 significare.
2421 3837 2616 3930 Quod

368 3947 439 4021 si
489 3944 579 4018 ad
626 3945 801 4017 hunc
851 3942 988 4015 fere
1038 3943 1299 4016 modum
1314 3994 1340 4035 ‚
1392 3952 1466 4017 ut
1515 3968 1624 4015 res
1673 3943 1823 4014 illas
1873 3951 2097 4015 narrat
2145 3940 2612 4040 ApollodoruS,

367 4056 833 4145 argumentum
885 4047 1182 4144 trilogiae
1234 4047 1665 4144 compositum
1716 4054 1816 4119 est
1866 4047 1946 4119 ab
1998 4043 2326 4140 Aeschylo
2341 4095 2366 4135 ,
2419 4040 2615 4116 Edo-
2669 4085 2680 4096 ·

362 4176 533 4244 nos,
588 4163 754 4248 quae
804 4150 1015 4246 prima
1064 4149 1401 4246 tragoedia
1449 4149 1573 4221 fuit
1586 4203 1611 4243 ,
1667 4149 1935 4223 credere
1998 4147 2221 4221 licebit
2280 4146 2613 4219 incursio·-

364 4280 534 4329 nem
582 4253 902 4327 Bacchici
949 4253 1166 4350 gregis
1213 4253 1284 4324 in
1333 4253 1696 4326 Thraciam
1712 4304 1738 4345 ,
1790 4252 2165 4349 clademque
2214 4256 2284 4323 et
2331 4249 2615 4347 captivi-

367 4367 590 4434 tatem
651 4356 906 4430 Bacchi
985 4356 1592 4455 comprehendisse3
1672 4356 1744 4427 iu
1819 4353 2281 4427 Bassaridibus
2364 4353 2613 4425 solutas

369 4460 720 4557 Bacchas,
768 4459 1088 4536 insaniam
1137 4458 1459 4559 Lycurgi,
1507 4484 1739 4537 necem
1789 4457 2105 4555 Dryantis
2145 4457 2349 4534 fuisse
2401 4479 2611 4554 expo-

2787 1699 2814 1772 ι’·
