3275 5317
1063 501 1786 569 THEOCRITEAE.
2412 503 2544 572 101

306 662 554 760 argutis
619 661 859 762 'partim
934 663 1124 738 valde
1203 664 1564 739 invenustis
1633 663 2179 765 explicationibus
2261 674 2537 742 vexatus

303 774 429 861 est,
479 773 559 839 ut
609 767 721 864 qui
767 767 1027 865 singula
1076 776 1390 842 excutere
1457 768 1617 842 velit
1675 771 1791 843 vix
1852 768 2046 843 finem
2115 769 2638 870 disputandi107
2648 780 2684 847 Ι

301 867 390 942 sit
448 868 856 946 inventurus.
974 867 1107 944 Est
1170 879 1389 944 autem
1454 870 1804 947 difficultas
1869 873 1941 946 in
2007 873 2256 947 duabus
2322 874 2544 970 rebus}

299 971 372 1042 in
421 996 504 1046 eo
557 973 733 1070 quod
780 975 1104 1047 incertum
1154 981 1258 1048 est
1307 973 1464 1072 quid
1514 984 1725 1074 νᾶμα
1778 975 2126 1073 significet,
2181 976 2294 1049 et
2271 1002 2343 1048 m
2371 978 2548 1051 scri-

296 1080 497 1173 ptura
544 1076 806 1150 illorum
853 1078 1222 1171 verborum,
1276 1101 1445 1175 quae
1493 1078 1565 1152 in
1617 1078 1989 1175 vulgaribus
2054 1079 2239 1152 libris
2291 1080 2392 1154 sic
2441 1081 2546 1155 le·

296 1185 569 1274 guntur,
623 1178 677 1255 οἳ
725 1178 810 1256 δ’
864 1179 967 1263 ὥς
1015 1188 1228 1279 νᾶμα
1280 1180 1511 1279 φέρει.
1626 1177 1852 1279 Atque
1914 1182 2077 1255 illud
2129 1190 2340 1304 νᾶμα
2390 1183 2545 1281 qui-

296 1280 451 1354 dem
498 1282 687 1376 facit,
752 1290 830 1357 ut
893 1283 1061 1357 duae
1124 1308 1396 1382 prorsus
1459 1284 1635 1358 inter
1698 1309 1773 1358 se
1835 1285 2132 1359 diversae
2196 1286 2341 1359 viae
2388 1286 2546 1361 iniri

294 1385 581 1481 possint.
684 1383 1131 1461 Valckenario
1182 1387 1457 1486 aliisque
1508 1412 1746 1490 aquam
1795 1412 1877 1462 eo
1942 1388 2261 1463 vocabulo
2326 1387 2543 1487 signi-

293 1484 490 1561 ficari
538 1488 786 1615 placet,
838 1490 991 1588 quia
1040 1497 1294 1565 stamen
1344 1491 1541 1564 etiam
1593 1516 1636 1563 a
1659 1489 2097 1566 Doriensibns
2127 1516 2261 1565 non
2300 1500 2540 1590 νᾶμα,

294 1588 417 1663 sed
484 1599 692 1691 νῆμα
757 1601 1067 1686 vocetur,
1135 1602 1212 1667 ut
1274 1618 1318 1667 a
1385 1593 1753 1669 Theocrito
1819 1592 2100 1671 XXIV.
2167 1598 2296 1670 74.
2399 1592 2544 1670 Sed

290 1693 411 1782 illo
478 1702 702 1769 tamen
762 1696 914 1770 loco
982 1697 1185 1770 editio
1250 1695 1517 1770 Iuntina
1582 1705 1796 1796 νᾶμα
1860 1697 2081 1772 habet.
2185 1694 2544 1773 Sumamus

292 1819 475 1871 nunc
524 1823 746 1872 veram
797 1799 944 1874 esse
992 1799 1423 1874 Valckenarii
1472 1802 1898 1874 sententiam·
1876 1853 1899 1875 .
1950 1808 2088 1874 tum
2130 1825 2255 1898 ego
2280 1802 2543 1900 quidem

291 1921 431 1974 non
482 1901 872 1978 crediderim
924 1903 1086 2002 αἶρε
1134 1902 1222 1979 τὸ
1275 1912 1485 2000 νᾶμα
1537 1901 1907 2000 significare
1958 1904 2173 2003 affer
2232 1928 2540 2001 aquam,

293 2004 414 2077 sed
427 2055 458 2098 ,
533 2005 706 2104 quod
773 2007 1090 2080 articulus
1142 2014 1212 2079 et
1257 2031 1428 2107 quae
1493 2016 1853 2105 sequuntur
1920 2008 2116 2081 verba
2178 2007 2540 2107 postulant,

293 2108 544 2203 aufer
590 2107 826 2181 istam
874 2134 1183 2207 aquam·
1304 2108 1446 2182 Iam
1500 2110 1835 2208 quaeritur
1879 2108 2008 2184 hoc
2060 2110 2382 2209 quomodo
2430 2110 2544 2184 in-

291 2211 509 2309 telligi
559 2212 815 2287 debeat.
917 2211 1070 2286 Nisi
1134 2214 1425 2311 argutari
1472 2214 1771 2287 volumus
1789 2265 1814 2306 ‚
1879 2213 2047 2286 duae
2096 2221 2349 2287 tantum
2396 2213 2543 2288 viae

290 2323 529 2414 patent
544 2340 567 2387 ε
619 2340 773 2389 nam
838 2340 1075 2415 aquam
1141 2342 1341 2415 quum
1405 2317 1607 2410 dicit,
1677 2314 2049 2415 polluhrum
2112 2341 2267 2390 cum
2341 2339 2540 2416 aqua,

295 2442 427 2517 qua
479 2418 568 2492 ad
630 2418 977 2493 lavandum
1038 2443 1163 2493 usa
1227 2428 1370 2494 erat
1382 2472 1407 2513 ‚
1473 2420 1841 2517 intelligere
1910 2443 2059 2494 eam
2122 2425 2382 2519 oportet
2399 2445 2423 2493 z
2471 2418 2545 2493 id

292 2522 503 2619 igitur
550 2521 921 2622 pollubrum
985 2524 1229 2597 auferri
1290 2524 1662 2622 effundique
1711 2546 1947 2621 aquam
1996 2522 2174 2615 vult,
2225 2531 2367 2598 tum
2415 2546 2543 2596 au-

294 2633 429 2700 tem
482 2633 601 2698 aut
647 2650 878 2699 rursus
928 2626 1170 2728 apponi
1217 2627 1423 2719 iubet,
1475 2650 1644 2727 pura
1692 2625 1951 2700 scilicet
2000 2649 2150 2701 cum
2180 2648 2374 2724 aqua,
2427 2632 2543 2701 aut

294 2728 602 2828 increpat
650 2730 953 2803 ancillam
970 2782 995 2823 ‚
1063 2730 1237 2829 quod
1284 2730 1654 2850 pollubrum
1701 2751 1835 2803 non
1881 2728 1955 2802 in
2000 2728 2242 2849 angqu
2293 2729 2538 2827 aliquo,

296 2833 415 2906 sed
462 2834 538 2905 in
586 2833 802 2908 medio
855 2834 1157 2907 cubiculo
1209 2834 1540 2933 posuerit,
1609 2839 1688 2905 ut
1737 2830 1990 2924 solent,
2061 2829 2174 2929 qui
2237 2832 2539 2936 acerbius

298 2944 546 3029 vetant,
599 2960 866 3009 monere
915 2944 992 3009 ιιι
1043 2936 1187 3034 quis
1238 2937 1476 3009 iterum
1523 2935 1752 3027 faciat,
1805 2958 2040 3034 nempe
2090 2957 2225 3006 non
2272 2929 2538 3033 impune

298 3039 622 3113 facturus.
757 3037 927 3113 Cum
992 3038 1241 3112 utravis
1319 3038 1858 3140 interpretatione
1937 3036 2332 3111 conveniunt
2395 3036 2537 3130 illa,

300 3151 507 3220 κινεῦ
580 3139 761 3237 δή
695 3195 720 3236 ,
791 3143 968 3272 φέρε
1032 3146 1342 3218 θᾶσσον
1405 3141 1640 3240 ὕδωρ.
1761 3139 1917 3215 Νοιι
1981 3147 2256 3238 apparet
2319 3146 2539 3213 autem

299 3253 788 3423 ffiussp‘iffi
819 3242 1590 3423 ἶρῗξῇοἴιιέῗηι“’ῗιίω
1615 3239 2541 3445 ύὸἔῖοςαῗὲἱῗῖἓῖαἶὲἷς

293 3451 709 3553 χρῄσὸοντι
756 3375 1164 3541 κα-ἕεῢδεν,
1218 3451 1392 3551 quod
1441 3452 1541 3526 sic
1600 3401 1674 3523 in
1725 3375 2028 3523 ancillam
2097 3449 2232 3522 dici
2293 3458 2541 3548 putan-

303 3558 450 3633 dum
502 3565 631 3631 est.
733 3557 1100 3662 Maximam
1147 3580 1303 3630 vero
1356 3554 1806 3628 difficultatem
1854 3552 2096 3627 habent
2141 3553 2294 3646 illa,
2349 3583 2402 3628 α
2450 3551 2536 3629 δ’

305 3658 403 3746 ὥς
451 3668 666 3759 νᾶμα
720 3690 953 3760 φερει,
1004 3661 1076 3732 in
1128 3659 1360 3758 quibus
1409 3659 1579 3731 male
1603 3656 2087 3731 Valckenarius
2115 3654 2275 3732 ἅδ’.
2325 3642 2541 3731 Recte

306 3765 560 3862 quidem
613 3764 1000 3863 exprobrari
1047 3763 1262 3864 potuit
1293 3761 1569 3835 ancillae
1596 3760 1771 3859 quod
1800 3782 2038 3859 aquam
2064 3758 2320 3858 trepida
2344 3783 2542 3833 manu

308 3868 631 3943 incautius
697 3868 902 3942 ferret
966 3874 1034 3941 et
1084 3865 1331 3963 aliquid
1380 3865 1849 3964 profunderet,
1933 3863 1994 3936 si
2042 3862 2209 3936 haec
2257 3862 2542 3960 genuina

309 3972 633 4071 scriptura
682 3978 881 4045 esset.
984 3968 1084 4044 At
1129 3969 1387 4043 videtur
1436 3992 1518 4041 ea
1563 3992 1609 4040 a
1633 3973 2009 4042 correctore
2038 3966 2337 4065 profecta
2363 3989 2537 4058 esse,

312 4076 416 4171 qui
460 4099 598 4150 non
645 4074 1037 4171 intelligeret
1101 4070 1275 4171 quod
1334 4072 1407 4144 in
1468 4071 1656 4143 libris
1719 4071 2111 4146 inveniebat.
2227 4065 2405 4141 Nam
2470 4068 2544 4141 in

313 4185 555 4277 septem
608 4177 799 4252 codd.
850 4178 1091 4275 legitur
1140 4173 1271 4252 ἅδ’
1327 4178 1400 4259 ἐς
1450 4182 1665 4275 νᾶμα
1716 4175 1961 4274 φέρει;
2022 4173 2098 4244 in
2161 4171 2371 4245 tribus
2434 4171 2542 4246 vel

316 4289 614 4381 quattuor
664 4279 800 4356 ἅδ’
869 4287 971 4366 εἲς
1036 4288 1249 4378 νᾶμα
1314 4278 1562 4379 φέρει,·
1623 4278 1697 4349 ἰιι
1761 4277 1909 4351 aliis
1971 4275 2182 4349 trihus
2247 4273 2413 4350 &2⁶6³
2468 4277 2542 4360 ἐς

317 4392 517 4482 νᾶμα
567 4383 798 4486 φέρει,
851 4410 940 4459 ex
988 4383 1221 4482 quibus
1272 4383 1495 4480 glossa
1543 4380 1814 4455 affertur
1861 4370 2066 4453 llaect
2135 4373 2538 4475 συνίζησις.

322 4486 425 4564 ιδε
473 4493 574 4575 εἰς
623 4492 843 4567 ποῖον
893 4489 1220 4591 ἀγγεῖον.
1337 4484 1668 4584 Integrior
1735 4485 1902 4558 haec
1969 4481 2302 4634 adnotatio
2369 4481 2543 4582 apud
