3275 5317
1007 489 1738 560 THEocanEAE.
2366 489 2494 558 111

271 653 563 730 deberent
598 652 695 725 'hi
758 653 1159 753 pauperrimi
1236 653 1606 753 piscatores
1623 704 1651 749 ,
1737 652 1849 754 qui
1917 662 2103 728 certo
2168 677 2300 728 non
2362 654 2496 731 alia
2578 697 2581 706 ·

269 782 445 858 qnam
505 757 741 855 quibus
802 757 1016 831 induti
1096 764 1287 831 erant
1352 758 1740 832 vestimenta
1801 755 2150 832 habebant.
2271 757 2497 852 Quare

266 862 416 1040 111ῗὲ
493 860 985 958 coniungenda,
1067 863 1341 960 εἵματα
1403 863 1603 937 πῖλοι
1617 913 1645 954 ,
1738 869 1983 934 vestes
2061 881 2330 934 eorum
2395 883 2497 935 ex

253 988 337 1065 ps
457 973 711 1036 erant.

449 1065 544 1141 V.
608 1068 729 1141 15.
799 1064 1202 1166 Perelegans
1267 1074 1338 1141 et
1401 1061 1531 1139 nisi
1589 1065 1788 1195 fallor
1848 1089 2007 1142 vera
2055 1074 2158 1143 est
2203 1065 2499 1166 Briggsii

267 1170 644 1265 emendatio,

452 1304 687 1394 οὐδὸς
733 1301 820 1385 δ’
849 1305 1047 1410 οὐχὶ
1093 1302 1361 1409 θύραν
1412 1305 1539 1406 εἶχ’
1541 1359 1571 1403 ,
1623 1307 1719 1385 οὐ
1769 1304 1990 1389 κύνα.

264 1444 420 1521 Nam
467 1446 672 1522 etiam
728 1445 978 1532 οὐδεὶς
1026 1471 1150 1547 pro
1202 1444 1594 1545 οὐδέτερος
1660 1445 1910 1524 dietum
1959 1444 2102 1520 vitii
2151 1444 2369 1544 arguit
2408 1445 2500 1520 li-

264 1552 510 1625 brorum
561 1551 985 1651 scripturam.
1104 1549 1294 1644 Quae
1343 1558 1745 1650 sequnntur,
1809 1550 1912 1627 sio
1972 1549 2275 1626 videntur
2320 1550 2501 1626 sori-

266 1653 459 1729 benda
505 1677 697 1728 esse.

1482 1751 1741 1832 πάντα
1789 1751 2139 1886 περισσά,

450 1853 679 1938 nam?
732 1855 976 1938 ἐδόκει
1037 1857 1293 1956 τήνοις
1357 1858 1622 1964 αγρας.
1703 1855 1926 1936 πενία
1997 1855 2161 1958 σφὰ
2210 1855 2494 1958 ἑταίρα.

273 1991 563 2091 Omma,
623 1996 860 2097 inquit,
913 1994 1175 2070 onmia
1223 1993 1352 2069 illi
1377 1994 1950 2095 posthabebtmt
1980 1992 2354 2097 pe’scatm’.

447 2099 544 2175 V.
605 2103 730 2174 25.
797 2098 877 2172 In
952 2101 1279 2200 colloquio
1360 2100 1639 2174 istorum
1716 2100 2050 2174 hominum
2132 2098 2502 2196 (verissime

268 2201 421 2277 enim
464 2201 529 2278 Ι.
586 2202 683 2277 Η.
734 2201 1018 2277 Vossius
1069 2230 1133 2278 v.
1190 2207 1317 2277 21.
1372 2201 1627 2280 αὐδὰν
1675 2228 1799 2303 pro
1843 2202 2060 2304 ᾠδὰν
2085 2202 2503 2277 scribendum

268 2322 413 2381 esse
443 2307 733 2402 monuit)
786 2332 919 2380 non
968 2314 1245 2407 apparet
1296 2307 1452 2406 quid
1502 2308 1629 2380 sibi
1683 2306 1837 2381 velit
1861 2278 2205 2407 Asphalio
2220 2358 2247 2401 ,
2300 2331 2503 2404 quum

269 2410 411 2484 dioit
452 2410 565 2511 μὴ
621 2406 822 2484 λαθό
822 2437 1018 2507 ιιην,·
1098 2410 1276 2504 Quid
1341 2418 1472 2484 est
1517 2411 1692 2486 enim
1759 2410 1933 2510 quod
1997 2409 2209 2510 possit
2258 2408 2499 2484 oblitus

269 2537 394 2588 esse
410 2508 449 2589 Ρ
557 2511 763 2587 Certe
812 2538 944 2587 non
1007 2514 1369 2587 somniumz
1434 2537 1648 2614 neque
1710 2538 1868 2589 vero
1934 2537 2237 2587 auroram
2250 2565 2276 2606 ,
2330 2536 2500 2611 quae

269 2615 392 2714 ipsa
438 2618 666 2718 potius
718 2615 1034 2690 obliviosa
1081 2624 1227 2691 erat
1276 2617 1579 2691 dicenda.
1696 2615 2140 2694 scribendum
2201 2615 2498 2692 videtur:

555 2752 668 2856 μὴ
721 2750 913 2830 λάθε
962 2755 1085 2855 μυ·
1131 2753 1182 2852 ἢ
1232 2752 1311 2830 τί
1357 2753 1448 2832 τὸ
1493 2762 1804 2855 xmae,-

450 2892 549 2968 V.
605 2894 734 2969 28.
782 2892 970 2968 Male
1019 2889 1441 2993 Stephanus:

451 3030 503 3107 ἃ
575 3028 893 3131 φροντὶς
954 3026 1322 3108 κόπτοισα
1397 3027 1709 3130 μακρὰν
1784 3027 1934 3108 τὰν
1996 3025 2241 3108 νύκτα
2306 3037 2505 3108 ποιεῖ

1479 3161 1667 3212 τιν..

272 3268 466 3362 Quem
514 3295 651 3345 non
701 3270 887 3371 sequi
938 3270 1225 3345 editores
1240 3322 1267 3367 ,
1319 3270 1440 3346 sed
1489 3276 1692 3348 ποιεῖ
1750 3299 1870 3352 τοι
1931 3271 2224 3347 seribere
2292 3269 2501 3347 debe-

270 3371 431 3448 bant.
534 3372 692 3449 Non
741 3375 918 3448 enim
982 3375 1360 3449 encliticam
1428 3383 1534 3451 est
1595 3374 1762 3472 τίν,
1838 3376 1910 3450 111
1976 3399 2107 3476 quo
2155 3399 2244 3451 ne
2290 3375 2501 3451 Butt-

271 3499 525 3654 111111111ιί13
592 3477 854 3655 11111211ξὲ
914 3478 1201 3552 levitatis
1264 3479 1530 3579 eulpam
1596 3479 1826 3579 effugit
1886 3477 1958 3553 in
2023 3504 2301 3579 gramm.
2369 3477 2496 3555 Gr.

271 3602 340 3654 vo
546 3606 620 3681 p.

273 3790 395 3861 tm
456 3683 580 3863 Vt..
606 3687 733 3760 32.
786 3638 1303 3785 Corruptissinia
1350 3708 1499 3760 esse
1550 3708 1719 3786 quae
1768 3684 1879 3761 hio
1943 3685 2250 3785 leguntur
2297 3708 2501 3786 aper-

441 3812 580 3863 es·

463 3925 556 4005 οὖ
591 3924 759 4057 γὰρ
809 3929 1075 4023 νικαξῇ
1128 3922 1325 4002 κατὰ
1374 3924 1517 4004 τὸν
1564 3921 1792 4002 νόον·
1847 3920 2070 4011 οὗτος
2101 3926 2498 4060 αριστοςτ

460 4027 666 4106 ἐστὶν
717 4027 1268 4132 ὀνειροκρίτας,
1333 4028 1377 4107 ὅ
1447 4024 1905 4117 διδασκαλος
1968 4028 2127 4107 ἐστὶ
2190 4031 2365 4132 παρ’
2434 4022 2500 4133 ᾧ

1483 4141 1691 4218 νοῦς.

278 4262 456 4358 Quae
495 4268 799 4344 hariolati
846 4279 1002 4346 sunt
1048 4270 1173 4345 viri
1223 4269 1442 4364 docti,
1492 4280 1630 4346 tam
1679 4294 1808 4345 neo
1868 4268 2009 4344 veri
2068 4270 2309 4345 similia
2371 4295 2501 4346 ne·

280 4392 389 4464 que
435 4381 590 4472 apta
637 4381 815 4467 sunt,
867 4382 945 4448 ut
995 4398 1262 4498 operain
1309 4374 1684 4475 perditurus
1735 4373 1864 4469 sit,
1916 4395 1999 4448 ea
2046 4373 2162 4474 qui
2209 4373 2499 4451 refutare

281 4471 440 4548 velit.
555 4481 840 4576 Νικαξῇ
904 4477 1117 4553 forma
1182 4478 1486 4553 vitiosum
1553 4485 1698 4574 est,
1776 4501 1906 4553 nee
1964 4479 2091 4553 rei
2165 4478 2495 4555 convenit.
