3275 5317
1200 397 1599 537 nonnul.
1970 375 1996 476 'j
2440 465 2530 530 68

291 615 373 694 Et
420 615 651 696 obvius
699 613 1106 719 Agamemno
1159 622 1449 725 quaerit·

590 771 800 851 τίπτε
866 774 1104 856 zenam
1168 772 1499 877 πόλεμον
1564 771 2007 910 φθισήνορα
2069 776 2273 878 δεῦρ’
2344 779 2524 879 ἄφι-

1507 877 1800 974 καγειςῑ

281 1026 517 1104 Refert
591 1027 880 1127 Nestor,
958 1040 1361 1133 prostratum
1439 1057 1587 1108 esse
1662 1059 1919 1108 murum
1932 1086 1959 1128 ,
2040 1033 2530 1157 permixtosque

285 1128 592 1207 Graecos
644 1133 961 1209 Troianis
1009 1136 1250 1210 viritim
1290 1148 1608 1235 pugnare.
1725 1134 1825 1212 At
1883 1138 1956 1211 id
2017 1139 2079 1211 si
2141 1146 2325 1212 stans
2376 1145 2531 1212 ante

282 1238 639 1311 tentorium
688 1264 879 1312 suum
929 1240 1066 1313 suis
1119 1239 1329 1314 oculis
1379 1241 1553 1315 videt
1579 1239 1853 1336 Nestor,
1907 1239 2084 1315 videt
2112 1241 2308 1315 etiam
2333 1238 2532 1339 Aga-

283 1364 569 1434 memno,
624 1342 864 1441 quique
913 1342 1028 1416 alii
1077 1342 1279 1417 duces
1330 1368 1480 1417 eum
1531 1346 1964 1439 comitantur,
2016 1351 2095 1418 ut
2141 1368 2267 1419 nec
2318 1368 2548 1443 quae-

285 1443 496 1517 stione
550 1461 717 1542 opns
767 1446 857 1520 sit
905 1471 1033 1521 nec
1100 1449 1549 1545 responsione.
1666 1446 1971 1548 Apparet
2034 1472 2189 1521 vero
2256 1471 2346 1522 ex
2412 1447 2530 1522 illo

284 1572 480 1645 quem
530 1549 725 1646 posui
774 1574 972 1623 versu
1019 1546 1558 1647 Agamemnonis,
1612 1576 1748 1626 non
1798 1577 1887 1625 ex
1935 1551 2243 1644 tentorio,
2295 1551 2415 1625 sed
2441 1575 2544 1624 ext

287 1650 540 1749 proelio
592 1652 815 1725 venire
864 1652 1250 1727 Nestorem:
1305 1653 1423 1727 sed
1476 1657 1808 1753 qnoniam,
1861 1662 1936 1729 ut
1961 1662 2188 1727 nostra
2225 1654 2297 1726 in
2318 1653 2532 1726 Hiade

289 1779 393 1827 res
444 1754 806 1853 dispositae
882 1763 1035 1829 sunt
1046 1806 1072 1848 ,
1148 1757 1221 1829 in
1270 1760 1551 1831 tentorio
1617 1758 1887 1831 sedebat
1933 1756 2219 1850 Nestor,
2291 1755 2534 1830 mutari

291 1857 541 1955 antiqui
588 1866 824 1956 poetae
872 1859 1310 1931 narrationem
1361 1862 1742 1955 oportebat,
1803 1859 2045 1957 quique
2109 1859 2283 1957 apud
2345 1859 2533 1934 illum

287 1984 374 2033 ex
421 1985 650 2059 pugna
697 1969 987 2053 venerat,
1043 1962 1227 2042 exire
1277 1960 1616 2033 faciendus
1669 1971 1812 2035 erat
1862 1987 1945 2033 ex
1999 1963 2316 2035 tentorio.

493 2061 647 2134 Nisi
695 2063 1091 2135 admirabilis
1140 2062 1256 2134 illa
1314 2062 1815 2137 Homericorum
1881 2064 2241 2138 carminum
2305 2063 2533 2138 suavi-

290 2174 392 2240 tas
440 2166 767 2238 lectorum
817 2166 1068 2238 animos
1121 2166 1310 2263 quasi
1342 2165 1907 2240 incantationibus
1974 2165 2358 2264 quibusdam
2408 2190 2533 2241 ca-
2591 2217 2598 2224 ⁴

293 2277 439 2368 ptos
489 2275 769 2360 teneret,
820 2292 954 2341 non
1002 2275 1140 2341 tam
1188 2268 1384 2342 facile
1448 2269 1946 2362 delitescerent,
2015 2294 2202 2391 quae·
2245 2292 2536 2346 accura-

293 2373 421 2445 tius
471 2369 888 2444 considerata
936 2378 1007 2443 et
1056 2395 1349 2469 pugnare
1396 2371 1570 2445 inter
1616 2396 1692 2445 se
1744 2379 1813 2445 et
1859 2372 2064 2447 multo
2115 2372 2328 2446 minus
2379 2381 2536 2473 apte

295 2495 488 2573 quam
530 2473 676 2570 quis
700 2474 844 2546 iure
869 2475 1158 2570 postulet
1187 2475 1552 2578 composita
1578 2499 1727 2548 esse
1756 2499 2075 2573 apparere
2105 2499 2380 2549 necesse
2403 2482 2533 2549 est.

295 2577 372 2651 Id
422 2576 764 2652 ostendam
816 2601 1040 2649 eorum
1093 2568 1434 2698 exemplo,
1481 2601 1651 2675 quae
1698 2578 1769 2650 in
1817 2578 2003 2651 libris
2066 2576 2275 2652 XIII.
2324 2574 2533 2652 XIV.

292 2678 459 2754 XV.
515 2687 922 2754 enarrantur.
986 2678 1107 2752 In
1157 2681 1480 2778 principio
1528 2681 1682 2753 libri
1707 2679 1915 2754 XIII.
1966 2680 2267 2779 Iuppiter
2279 2731 2306 2774 ,
2358 2705 2533 2758 neu-

297 2785 382 2858 tri
426 2782 758 2857 exercitui
805 2783 1009 2854 ullum
1060 2784 1330 2857 deorum
1381 2783 1847 2882 opitulaturum
1896 2791 2134 2882 putans
2149 2835 2176 2877 ,
2229 2783 2415 2858 sedet
2461 2783 2534 2856 in

299 2887 439 2982 Ida,
491 2886 857 2959 Thraciam
905 2893 1363 2984 prospectans.
1468 2884 1609 2958 cm·
1655 2910 1812 2959 vero
1861 2885 1933 2958 id
1966 2893 2157 2984 putat
2204 2884 2531 2983 Iuppiter,

301 2998 410 3064 aut
458 3013 630 3088 quae
695 2988 837 3061 eius
902 2997 1086 3062 tauta
1152 2986 1430 3062 stultitia
1496 2996 1635 3081 est,
1701 2995 1781 3061 ut
1826 3012 2002 3061 nnuc
2017 3038 2045 3081 ,
2112 2985 2398 3063 Graecis
2460 2988 2535 3062 in

301 3117 620 3167 summum
639 3091 989 3165 discrimen
1015 3091 1358 3185 coniectis,
1410 3090 1522 3189 qui
1570 3091 1657 3163 iis
1705 3091 1928 3165 favent
1978 3091 2140 3164 deos
2187 3115 2326 3165 non
2377 3115 2535 3165 cre-

300 3198 410 3271 dat
476 3196 585 3269 vel
648 3194 933 3268 maxime
997 3195 1243 3269 auxilio
1307 3203 1614 3269 venturos
1632 3188 1672 3268 Ρ
1774 3191 1976 3269 Absit
2021 3202 2098 3268 ut
2144 3194 2217 3267 id
2264 3195 2537 3295 sapien·-

302 3300 550 3375 tissimo
600 3306 838 3396 poetae
886 3299 958 3371 in
1005 3307 1287 3373 mentem
1313 3298 1568 3372 venisse
1606 3297 2031 3371 adducamur.
2134 3297 2289 3382 Non
2337 3305 2539 3397 pote-

304 3413 403 3476 rat
446 3402 614 3474 illud
665 3401 934 3476 credere
983 3400 1307 3501 Iuppiter,
1359 3402 1488 3475 nisi
1518 3402 1712 3475 modo
1764 3400 2222 3475 absterruisset
2270 3402 2354 3474 ab
2404 3402 2535 3476 isto

306 3507 574 3580 consilio
627 3505 809 3577 deos.
911 3503 1048 3577 Vbi
1097 3512 1314 3578 autem
1373 3505 1446 3578 id
1511 3498 1728 3579 fecit?
1843 3502 1953 3578 Eo
2017 3505 2168 3578 loco
2182 3555 2208 3597 ,
2275 3528 2406 3602 quo
2475 3504 2539 3577 si

303 3611 497 3702 fecit,
582 3607 915 3681 fatendum
981 3616 1083 3682 est
1145 3609 1392 3682 factum
1456 3633 1604 3682 esse
1668 3608 2070 3704 ineptissime
2086 3658 2112 3700 ,
2178 3615 2318 3681 tum
2381 3607 2539 3705 quia

305 3738 501 3806 nunc,
555 3713 695 3784 sive
743 3711 986 3806 legitur
1032 3708 1219 3805 Bias,
1275 3712 1410 3785 sive
1460 3712 1780 3784 recitatur
1793 3762 1820 3804 ,
1874 3711 2059 3784 obliti
2109 3719 2262 3786 snut
2311 3717 2380 3785 et
2426 3710 2538 3784 le-

307 3823 529 3912 gentes
582 3822 652 3888 et
700 3814 1060 3908 audientes,
1114 3821 1252 3888 tum
1303 3815 1456 3914 quia
1502 3823 1849 3934 postquam
1909 3813 2158 3887 factum
2224 3821 2328 3888 est
2373 3812 2540 3886 nihil

309 3925 619 3993 curarunt
669 3917 784 4009 dii,
836 3916 954 3990 sed
1003 3917 1164 3990 satis
1213 3918 1432 3993 securi
1459 3917 1672 3990 medio
1703 3941 1777 3990 se
1815 3916 2310 3992 immiscuerunt
2331 3939 2539 4014 proe-

307 4022 439 4098 lio.
479 4020 643 4094 fecit
689 4021 761 4093 in
806 4020 1130 4119 principio
1178 4020 1331 4093 libri
1378 4018 1568 4093 Vlll.
1686 4018 1831 4093 Iam
1897 4019 2251 4116 coniungat
2297 4018 2537 4116 aliquis

310 4123 504 4198 vm.
566 4124 1077 4198 1—51.oum
1124 4122 1335 4197 xm.
1385 4126 1464 4197 4.
1515 4148 1701 4221 seqq.
1801 4120 2208 4219 Emergere,
2275 4121 2536 4243 opinor,

312 4225 668 4302 Homerum
715 4251 803 4299 ex
848 4225 1141 4300 Homero
1190 4227 1454 4321 sentiet,
1506 4250 1801 4328 quaeque
1851 4226 2103 4299 divulsa
2126 4225 2630 4325 ineptissima13

312 4339 518 4426 erant,
570 4330 924 4405 coniuncta
968 4328 1117 4404 fieri
1164 4330 1527 4432 aptissima.
1637 4328 1784 4401 Iam
1834 4329 2031 4402 etiam
2079 4352 2213 4403 non
2259 4328 2535 4414 mirabi-

313 4458 474 4529 mur,
527 4458 698 4533 quae
757 4430 960 4506 vm.
1031 4433 1298 4507 350-
1314 4435 1495 4509 484.
1546 4433 1893 4530 leguntur,
1925 4455 2127 4542 quae
2192 4433 2536 4580 perinepta
