3275 5317
621 475 626 480 ’
715 482 846 551 326
1269 484 1853 550 mmcENms
1894 483 2410 560 EXSEQ.VIIS

713 658 959 740 tamen,
1012 646 1318 744 quoniam
1379 646 1583 720 nimia
1648 646 2010 741 modestia,
2077 654 2155 721 ut
2205 671 2405 745 saepe
2453 646 2659 734 alias,
2712 646 2955 724 viribus

716 751 854 825 suis
905 748 1262 843 diffidebat,
1316 751 1551 828 cedere
1600 751 1830 825 maluit
1881 752 2093 823 amico
2142 750 2241 821 illi
2289 775 2410 823 suo
2434 748 2957 847 Benzenbergio‚

713 854 861 954 ipse
910 862 1129 926 autem
1178 853 1488 950 praetulit
1535 855 1912 930 necessaria
1962 854 2089 928 sibi
2135 877 2370 950 parare
2421 853 2666 934 scholis
2732 855 2961 951 privav-

713 959 803 1034 tis
853 957 925 1028 in
973 980 1055 1030 eo
1102 956 1509 1053 paedagogio
1575 966 1646 1031 et
1690 959 1763 1034 in
1814 958 2006 1038 domo
2069 955 2347 1038 Davidis
2411 954 2790 1045 Schliiteri,
2844 982 2960 1030 see-

712 1060 962 1133 natoris
980 1111 1005 1151 ‚
1101 1059 1212 1132 cui
1287 1060 1442 1134 olim
1511 1068 1703 1158 pater
1774 1061 1918 1133 eius
2008 1060 2242 1136 doctor
2326 1060 2723 1134 domesticus
2809 1060 2962 1142 fue·-

711 1172 842 1244 rat.
945 1160 1072 1235 Illo
1125 1170 1419 1260 tempore
1469 1163 1748 1260 contigit
1797 1164 1886 1256 ei,
1940 1176 2014 1237 ut
2061 1164 2132 1234 in
2194 1163 2491 1236 notitiam
2557 1172 2626 1238 et
2672 1163 2964 1246 familia-

711 1266 974 1342 ritatem
1024 1267 1276 1340 veniret
1323 1267 1642 1363 gentium,
1694 1290 1861 1363 quae
1912 1275 2052 1340 tum
2099 1266 2354 1338 liberali
2404 1266 2768 1346 eruditione
2812 1266 2962 1364 pris

711 1370 958 1454 mariae
1007 1368 1374 1466 Hambnrgi
1425 1379 1637 1464 erant,
1691 1370 1986 1444 Reimari
2035 1370 2444 1468 potissimum
2512 1377 2579 1442 et
2626 1370 2962 1467 Klopsto·

712 1471 874 1545 ckii.
974 1469 1085 1544 Ita
1131 1472 1380 1545 factum
1432 1482 1536 1548 est
1585 1473 2055 1548 consuetudine
2104 1472 2436 1548 hominum
2475 1471 2711 1548 litteris
2764 1481 2963 1569 atque

712 1575 962 1648 artibus
1015 1574 1549 1670 castissimorum,
1602 1585 1677 1650 nt
1702 1585 1966 1674 praeter
1995 1576 2358 1660 severiores
2389 1575 2725 1656 doctrinas
2758 1576 2961 1656 etiam

710 1678 1192 1752 amoenioribus
1274 1677 1506 1752 studiis
1588 1679 2062 1753 delectaretur.
2147 1702 2535 1776 semperque
2612 1678 2960 1760 iucundis·-

710 1781 861 1856 simi
909 1782 1084 1854 illins
1105 1783 1477 1879 temporis,
1531 1782 1708 1881 quod
1753 1784 1926 1856 inter
1973 1782 2505 1878 Hambnrgenses
2571 1782 2745 1877 egit,
2799 1805 2962 1879 gra-⁹

709 1893 848 1960 tam
898 1885 1182 1959 servavit
1231 1887 1633 1960 memoriam.

914 1986 1081 2061 Inde
1130 2013 1300 2063 anno
1348 1987 1743 2066 MDCGGI.
1782 1987 2192 2063 Woltmanni
2219 1987 2778 2064 commendatione
2809 1988 2961 2064 exi-2

710 2090 881 2165 mins
931 2090 1043 2192 ille
1096 2091 1233 2164 dux
1285 2088 1815 2189 Oldenburgicus
1829 2145 1855 2185 ,
1924 2091 2168 2165 Petrus
2219 2088 2600 2168 Eridericus
2651 2088 2961 2168 Ludovi-

713 2218 860 2288 cus,
914 2187 1064 2268 eum
1113 2193 1528 2269 Eckwardae
1594 2196 2057 2270 munitionibus
2123 2195 2386 2266 lacuum
2449 2193 2756 2268 curandis
2808 2219 2961 2279 cum

713 2297 952 2371 salario
1004 2296 1163 2371 DC.
1215 2296 1766 2372 Ioachimicorum
1813 2299 2169 2398 praefecit.
2226 2322 2353 2394 quo
2377 2296 2555 2390 loco,
2608 2298 2784 2372 sicut
2803 2297 2961 2374 olim

709 2397 1113 2493 Neuwerkii,
1167 2425 1406 2498 expers
1454 2402 1595 2475 fere
1647 2403 1856 2476 omnis
1906 2401 2341 2473 litteratorum
2404 2399 2737 2476 hominum
2790 2425 2959 2476 con-2

711 2502 1072 2577 suetudinis
1122 2504 1327 2596 vixit,
1381 2504 1511 2575 nisi
1561 2503 1735 2601 quod
1801 2503 2117 2601 quosdam
2177 2503 2250 2576 in
2314 2503 2557 2578 vicinia
2615 2526 2959 2588 sacrorum

710 2604 1036 2686 antistites
1100 2605 1326 2679 habuit
1392 2629 1555 2705 quos
1622 2607 2038 2680 conveniret·
2017 2657 2040 2679 .
2109 2630 2386 2703 quornm
2449 2630 2645 2699 unus,
2711 2604 2958 2690 Barqu

707 2732 984 2782 mannus
1035 2708 1186 2801 fuit,
1239 2708 1591 2784 Tossensii
1642 2733 1835 2783 sacra
1898 2733 2138 2783 curans
2155 2762 2183 2803 ,
2238 2709 2369 2807 ‚qui
2435 2717 2504 2783 et
2566 2710 2713 2807 ipse
2781 2710 2958 2784 scri}-

706 2812 844 2911 ptis
909 2813 1217 2887 innotuit.
1333 2808 1562 2887 Tanto
1614 2813 1900 2887 alacrius
1950 2813 2212 2909 vigebat
2261 2812 2403 2884 eius
2456 2836 2609 2888 cum
2659 2812 2958 2887 absenti-

707 2917 832 2988 bus
883 2917 1114 2990 amicis
1161 2941 1284 3013 per
1329 2916 1584 2989 litteras
1608 2916 2108 3008 commercium,
2164 2922 2552 3012 exstantque
2603 2916 2958 2996 etiamnum

708 3018 864 3093 illae
914 3027 1140 3094 mutuo
1196 3019 1389 3093 datae
1442 3020 1787 3117 epistolae.
1888 3016 2205 3092 Florebat
2256 3026 2475 3092 autem
2524 3019 2658 3106 iam
2709 3027 2851 3094 tum
2876 3044 2957 3100 ea

583 3161 588 3166 ·
706 3122 908 3215 fama,
959 3131 1035 3195 nt
1085 3146 1254 3196 anno
1305 3121 1734 3198 MDCCCV.
1798 3123 1871 3204 in
1894 3131 1901 3134 ’
1923 3147 2149 3195 eorum
2200 3115 2539 3194 numerum
2602 3131 2958 3220 cooptare-

707 3235 843 3317 tur‚
897 3225 1009 3322 qni
1058 3226 1129 3296 in
1180 3225 1427 3298 diurnis
1479 3225 1815 3299 litterariis
1880 3224 2265 3299 lenensibus
2328 3224 2641 3302 librorum
2711 3251 2957 3309 censu-

706 3351 818 3399 ras
870 3326 1235 3400 scriberent
1249 3379 1274 3420 ‚
1342 3328 1517 3424 quod
1546 3352 1754 3423 genus
1807 3328 2137 3403 scribendi
2185 3336 2326 3401 tum
2375 3328 2458 3402 iis
2505 3335 2788 3422 tantum,
2844 3330 2955 3426 qui

709 3428 1038 3503 doctiores
1090 3437 1337 3524 essent,
1390 3430 1584 3506 hodie
1634 3432 1843 3506 cuivis
1896 3432 2360 3523 committitur,
2412 3429 2779 3529 habentque
2841 3433 2981 3540 illa·

708 3533 944 3608 diurna
995 3533 1076 3606 ab
1130 3557 1208 3607 eo
1260 3542 1554 3632 tempore
1603 3533 1778 3607 haud
1825 3558 2074 3634 paucas
2127 3535 2209 3607 ab
2263 3559 2340 3607 eo
2372 3534 2655 3632 scriptas
2707 3559 2956 3618 censu„

708 3659 848 3709 ras.
979 3637 1358 3716 Transtulit
1404 3637 1519 3710 illo
1585 3644 1879 3736 tempore
1929 3639 2001 3710 in
2048 3638 2330 3736 patrium
2383 3661 2747 3711 sermonem
2799 3636 2955 3720 Eu..-

704 3740 831 3816 leri
893 3739 1130 3826 librum
1197 3741 1278 3814 de
1340 3741 1723 3838 aequilibrio
1789 3742 1861 3813 in
1929 3750 2112 3814 motu
2174 3739 2558 3831 fluidorum3
2626 3765 2957 3840 quumque

702 3843 990 3940 regionis
1040 3843 1240 3936 illius,
1291 3844 1362 3916 in
1414 3869 1544 3943 qna
1591 3845 1873 3940 vivebat,
1924 3845 2228 3943 planities
2295 3844 2357 3917 ei
2421 3853 2790 3942 opportuna
2839 3871 2952 3926 es·-

705 3954 809 4020 set
858 3947 944 4020 ad
992 3947 1162 4019 lucis
1210 3947 1565 4022 fractiones
1594 3949 2046 4022 memorabiles
2078 3947 2542 4040 observandas,
2593 3948 2749 4022 huic
2781 3973 2951 4047 qno-

704 4074 832 4147 que
883 4051 983 4123 rei
1029 4050 1452 4124 illustrandae
1504 4052 1676 4124 viam
1727 4053 1985 4151 aperuit
2051 4051 2227 4125 edito
2300 4050 2381 4123 de
2431 4050 2766 4138 radiorum
2808 4052 2951 4128 fra-

704 4154 1027 4227 ctionibns
1077 4154 1289 4251 primo
1341 4155 1687 4230 volumine.

906 4256 1035 4330 Illa
1085 4282 1277 4355 quam
1329 4259 1391 4331 ei
1443 4282 1592 4330 cum
1655 4257 2094 4334 Barelmanno
2160 4257 2365 4330 fuisse
2430 4254 2716 4332 diximus
2783 4283 2947 4333 con-

704 4360 979 4433 suetudo
1030 4363 1295 4435 occasio
1345 4362 1471 4435 fuit
1517 4362 2023 4435 iucundissimae
2071 4359 2597 4435 necessitudinis.
2717 4360 2947 4443 Habe-

705 4464 820 4536 bat
882 4461 994 4535 ille
1058 4464 1128 4535 in
1192 4464 1600 4539 matrimonio
1668 4465 1869 4540 filiam
1950 4463 2034 4540 C.
2101 4463 2339 4539 Krusii
2356 4511 2385 4558 ,
2454 4464 2813 4550 consiliarii
2877 4464 2946 4538 in

3238 551 3243 792 l
