3275 5317
735 462 866 534 m
1327 462 1450 529 DE
1490 461 1780 530 nvn
1818 459 2369 531 EPISTOLAE

741 626 1485 749 nannonpertinero
1543 625 1761 747 legem
1820 623 2387 703 adhereditatem
2447 651 2538 706 ex
2593 626 2975 750 promissis.

802 733 961 806 biici
1011 730 1186 806 enim
1232 738 1518 829 poterat,
1571 730 1830 803 etiamsi
1880 754 1968 803 cx
2014 732 2362 853 promissis
2415 731 2547 807 illis
2609 728 2977 832 repetenda
3099 759 3109 772 ·

729 844 910 913 esset
955 833 1287 909 beatitatis
1334 858 1456 932 per
1501 831 1701 908 fidem
1740 831 1988 906 Christi
2036 834 2433 931 impetratio,
2483 841 2714 907 tamen
2761 834 2979 930 legem

726 938 943 1013 Musis
991 937 1276 1010 divinam
1324 960 1510 1027 esse3
1564 960 1721 1032 ergo
1771 961 1907 1009 nen
1956 936 2385 1010 abiiciendam
2434 961 2618 1031 esse,
2675 936 2802 1009 sed
2850 936 2977 1009 ob·-

726 1041 1110 1115 servandam
1158 1040 1377 1139 potius
1424 989 1938 1136 religiosissime,
1990 1046 2319 1137 tamquam
2368 1040 2563 1112 aliam
2611 1064 2756 1113 non
2808 1063 2978 1111 con-

726 1145 1018 1218 iunctam
1066 1167 1220 1216 cum
1265 1140 1396 1215 fide
1450 1141 1827 1215 Christiana
1873 1143 2401 1217 constitutionem
2450 1142 2582 1216 dei.
2706 1141 2797 1214 Id
2843 1142 2977 1239 igi-

726 1256 839 1321 tur
885 1246 1109 1321 videns
1158 1244 1411 1318 Paulus
1462 1269 1730 1342 operam
1779 1244 1959 1318 dedit
2007 1252 2082 1317 ut
2109 1245 2382 1319 validius
2432 1243 2826 1337 affirmaret,
2877 1245 2978 1320 sio

726 1351 929 1423 latam
976 1373 1123 1422 esse
1170 1348 1410 1447 legem,
1475 1354 1551 1419 ut
1598 1347 1899 1419 desinere
1961 1347 2256 1420 debuerit
2315 1372 2438 1447 per
2497 1346 2703 1421 fidem'
2774 1346 2979 1422 Chri·-

725 1453 1031 1529 stianam.
1148 1450 1484 1542 Quocirca
1546 1449 1760 1546 primo
1826 1448 2039 1523 elevat
2102 1452 2559 1524 auctoritatem
2622 1450 2800 1547 legis
2866 1474 2974 1544 eo,

727 1555 905 1655 quod
953 1575 1102 1627 eam
1147 1575 1303 1645 non,
1353 1549 1895 1670 quemadmodum
1966 1552 2463 1651 promissionem
2524 1554 2714 1627 illam
2782 1577 2977 1651 quam

636 1656 1102 1736 llAhraamus
1165 1656 1465 1752 accepit,
1533 1653 1616 1725 ab
1665 1653 1813 1751 ipso
1880 1653 2004 1729 deo
2071 1654 2329 1749 datam,
2401 1656 2520 1729 sed
2584 1656 2975 1756 dispositam

725 1785 850 1864 per
898 1758 1165 1856 angelos
1215 1766 1285 1831 et
1331 1756 1757 1832 interventori
1801 1756 1873 1829 in
1934 1780 2166 1829 manus
2226 1757 2536 1838 traditam
2550 1811 2576 1853 ,
2645 1767 2977 1857 peccato·

725 1889 875 1941 rum
923 1884 1192 1937 caussa
1210 1859 1628 1959 promissioni
1676 1859 1776 1931 illi
1837 1859 2161 1933 adiectam
2224 1858 2409 1936 dicit.
2527 1862 2724 1956 Quae
2776 1884 2973 1959 quum

719 1992 861 2043 uon
925 1966 1057 2039 sint
1117 1965 1191 2037 in
1233 1964 1461 2037 sacris
1522 1961 1915 2035 Iudaeorum
1976 1963 2160 2035 libris
2210 1964 2498 2063 scripta,
2560 1973 2791 2038 tamen
2836 1973 2972 2037 tam

725 2067 1132 2147 confidenter
1179 2067 1425 2166 posuit,
1474 2072 1552 2138 ut
1598 2089 1734 2138 non
1784 2065 1876 2137 sit
1922 2064 2344 2139 dubitandum
2360 2118 2386 2160 ,
2456 2067 2614 2165 quin
2663 2068 2787 2140 illa
2833 2074 2973 2141 tum

724 2172 903 2272 apud
950 2170 1232 2244 Iudaeos
1281 2169 1663 2268 pervulgata
1711 2168 1932 2266 opinio
1981 2169 2203 2243 fuerit.
2322 2170 2489 2263 Quis
2539 2179 2768 2245 autem
2817 2194 2975 2244 cre-

726 2277 842 2352 dat
891 2299 1041 2348 eum
1090 2280 1335 2348 temere
1385 2279 1454 2345 et
1501 2271 1646 2343 sine
1694 2294 1957 2365 caussa,
2021 2295 2103 2344 ac
2150 2297 2285 2347 non
2332 2274 2550 2373 potius
2615 2280 2969 2372 propterea

725 2379 859 2452 illis
907 2376 1123 2450 'verbis
1172 2399 1364 2448 usum
1413 2398 1585 2467 esse,
1640 2373 1848 2472 quod
1876 2398 1914 2446 e
1974 2397 2052 2447 re
2101 2399 2224 2447 sua
2273 2384 2494 2449 essent
2541 2384 2612 2450 et
2662 2377 2752 2464 ad
2801 2399 2969 2450 con-

724 2478 1108 2553 firmandam
1155 2477 1543 2551 sententiam
1592 2476 1929 2602 aptissima
1943 2469 1982 2550 Ρ
2081 2475 2258 2551 Nam
2321 2488 2395 2553 nt
2454 2479 2594 2552 id
2572 2504 2796 2580 ipsum
2846 2478 2968 2553 de·-

728 2583 963 2675 claret,
1014 2580 1189 2680 quod
1238 2579 1430 2672 dixit,
1484 2580 1700 2677 ἄχρις
1752 2573 1843 2656 οὗ
1896 2581 2099 2677 &ww
2132 2581 2220 2658 τὸ
2276 2582 2572 2683 σπέρμα
2625 2577 2692 2683 ᾧ
2741 2577 2974 2686 ἐπήγω.

727 2694 1008 2807 γελται,
1056 2683 1221 2757 illud
1270 2682 1520 2776 adiicit,
1573 2687 1658 2759 ἐν
1699 2712 1897 2779 χειρί
1944 2682 2292 2782 μεσίτου.
2360 2687 2550 2783 quia,
2603 2689 2665 2760 si
2717 2710 2964 2761 conce-

728 2791 908 2864 ditur
952 2789 1457 2862 interventorem
1504 2785 1710 2860 fuisse
1757 2786 2023 2882 Mosen,
2076 2787 2561 2863 concedendum
2612 2799 2719 2864 est
2769 2789 2969 2865 etiam

727 2917 860 2968 non
909 2892 1152 2966 diutius
1201 2890 1494 2964 valuisse
1532 2890 1747 2987 legem
1797 2890 1938 2964 eius
1990 2914 2183 2989 quam
2234 2892 2448 2990 quoad
2496 2894 2789 2967 nondum
2837 2916 2963 2965 ex-

724 2997 1003 3071 stitisset
1053 3018 1280 3068 semen
1326 2992 1491 3065 illud
1563 2994 1636 3065 in
1687 3018 1814 3092 quo
1892 2994 2144 3067 exitum
2217 2994 2487 3069 haberet
2559 2998 2768 3069 multo
2818 2995 2963 3090 lege

725 3100 1054 3197 antiquior
1104 3096 1210 3170 dei
1271 3095 1646 3193 promissio.
1764 3094 2090 3170 Nimirum
2154 3097 2326 3196 quod
2388 3099 2607 3221 paullo
2672 3107 2829 3172 ante
2889 3098 2959 3168 in

727 3202 993 3275 seminis
1044 3199 1479 3298 appellatione
1529 3200 1853 3273 consulto
1876 3200 2076 3293 fecit,
2144 3225 2286 3274 eam
2353 3211 2429 3276 ut
2489 3202 2597 3273 in·
2609 3202 2813 3274 alium
2860 3200 2961 3272 si-

727 3301 1105 3402 gnificatum
1168 3301 1584 3421 detorqueret
1596 3354 1623 3395 ,
1690 3301 1761 3374 id
1823 3302 1889 3374 ei
1955 3301 2066 3375 hic
2124 3303 2350 3378 nescio
2415 3328 2502 3377 an
2564 3301 2957 3404 imprudenti

727 3407 948 3507 potius
1029 3428 1224 3503 quam
1299 3404 1535 3477 scienti
1604 3405 1680 3476 in
1751 3405 2011 3478 nomine
2083 3405 2538 3481 interventoris
2615 3405 2952 3497 acciderit,

726 3509 906 3630 quod
955 3506 1373 3604 ambiguitate
1423 3506 1725 3580 vocabuli
1774 3507 2087 3606 deceptus
2138 3510 2238 3584 sic
2286 3512 2532 3610 posuit,
2581 3518 2681 3605 ut,
2735 3510 2797 3583 si
2843 3531 2955 3582 se-

728 3613 945 3685 verius
997 3610 1347 3706 exigimus,
1396 3611 1797 3683 interventor
1842 3612 2297 3712 intelligendus
2349 3614 2438 3687 sit
2485 3615 2571 3706 is,
2623 3614 2737 3712 qui
2785 3620 2953 3685 tem-

725 3739 890 3815 pore
939 3714 1192 3786 medius
1244 3720 1369 3787 est.
1472 3711 1803 3788 Tribuere
1870 3715 2042 3788 enim
2107 3740 2257 3790 eum
2322 3716 2566 3815 aliquid
2626 3717 2782 3790 huie
2831 3738 2955 3843 ap-

725 3816 1067 3917 pellationi
1113 3815 1422 3914 μεσίτου
1474 3840 1563 3889 ex
1613 3842 1694 3891 eo
1746 3826 2043 3947 apparet,
2097 3815 2272 3918 quod
2319 3820 2435 3892 illa
2485 3819 2702 3895 addit·
2776 3818 2816 3893 ὃ
2867 3812 2949 3891 δὲ

726 3919 1033 4020 μεσίτης
1082 3917 1249 4004 ἑνὸς
1316 3920 1457 3995 οὐκ
1510 3921 1747 3996 ἐστιν·
1817 3920 1857 3996 ὃ
1912 3919 1998 3998 δὲ
2049 3922 2233 4006 θεὸς
2283 3923 2386 4007 εἷς
2436 3920 2660 3999 ἐστίν.
2767 3921 2949 4013 Quae

726 4025 926 4099 verba
973 4024 1033 4096 si
1084 4023 1165 4095 ab
1216 4021 1434 4121 aliquo
1483 4023 1757 4122 profano
1801 4024 2124 4123 scriptore
2170 4028 2389 4124 posita
2418 4034 2663 4119 essent,
2712 4019 2948 4098 nemini

726 4129 1031 4226 cuiquam
1077 4127 1148 4198 in
1197 4134 1479 4199 mentem
1525 4127 1813 4200 venisset
1873 4126 2155 4202 dubitari
2215 4128 2299 4201 de
2362 4153 2588 4202 eorum
2635 4124 2950 4201 sententia

724 4254 948 4328 posse.
1048 4227 1240 4304 Adeo
1290 4229 1649 4328 simplicia,
1728 4230 1891 4305 adeo
1940 4230 2177 4330 plana,
2239 4229 2404 4306 adeo
2480 4232 2567 4305 ad
2638 4232 2770 4305 vim
2833 4248 2951 4299 ra-

727 4332 1168 4408 tiocinationis
1246 4333 1620 4407 necessaria
1685 4340 1860 4408 sunt.
1989 4331 2187 4407 Nunc
2251 4335 2553 4433 quoniam
2630 4334 2702 4406 in
2761 4328 2949 4405 Novo

733 4433 1163 4509 Testamento
1212 4436 1550 4534 leguntur,
1628 4436 1761 4509 alia
1823 4437 2042 4536 potius
2092 4440 2352 4535 omnia,
2421 4461 2615 4538 quam
2662 4436 2733 4508 id
2780 4427 2945 4534 quod
