3275 5317
899 461 1390 527 AESCHYLI
1432 454 1983 532 SPEGIMINA,
2200 521 2207 530 .
2431 467 2560 536 315

528 648 727 704 eursu
774 618 1163 723 prehensam
1211 626 1281 698 in
1332 625 1584 700 ultimo.

326 729 473 799 120
523 724 840 823 Lugubre
893 729 1222 803 concinite
1235 782 1262 823 ,
1291 729 1488 803 *bona
1535 731 1656 805 sed
1706 733 2041 806 vincuntu-

519 926 844 1003 Providus
874 940 944 1005 at
978 957 1251 1005 cernens
1288 932 1415 1007 duo
1446 934 1642 1008 fortia
1685 943 1959 1033 pectora
2001 943 2217 1009 vates
2393 949 2553 1009 ant.

520 1028 822 1128 Atridas,
872 1035 1115 1133 leporis
1166 1061 1445 1110 noscens
1495 1039 1808 1112 laniatum
1859 1046 1927 1111 et

521 1133 679 1207 belli
726 1162 945 1235 reges,

522 1238 624 1311 510
675 1248 778 1313 est
826 1241 1261 1315 vaticinatus:

321 1337 463 1411 125
530 1342 809 1435 „labore
858 1344 1057 1441 longo

524 1446 744 1544 capiet
792 1445 1044 1519 Priami
1093 1447 1222 1521 1100
1269 1448 1400 1522 iter
1447 1449 1702 1543 urbem,

521 1556 591 1621 et
640 1550 834 1621 simul
885 1551 1094 1623 omnis

518 1652 808 1748 turribus
861 1653 1011 1726 altis
1062 1677 1229 1750 gaza
1275 1663 1543 1754 reposta

517 1755 762 1853 impete
811 1755 931 1829 fati
982 1758 1347 1857 diripietur.

316 1859 463 1930 130
524 1882 607 1929 ne
658 1857 891 1953 modo,
966 1884 1049 1933 ne
1100 1884 1230 1957 qua
1282 1860 1476 1933 deum
1525 1860 1719 1933 eitius
1771 1862 1963 1938 Tro-

515 1961 622 2033 iae
673 1961 928 2035 frenum
977 1987 1174 2059 grave
1224 1963 1472 2056 nubilet
1517 1963 1621 2035 ira

517 2072 773 2138 morata
825 2066 1099 2139 eastris.
1081 2093 1100 2111 ·

517 2191 800 2265 namque
851 2170 1070 2242 invida
1119 2176 1306 2243 easta
1353 2168 1577 2241 Diana
1627 2177 1770 2242 est.

515 2280 779 2368 partum
833 2273 1070 2392 quippe
1122 2273 1241 2345 sub
1291 2273 1508 2371 ipsum

316 2372 457 2446 135
515 2375 731 2446 bestia
775 2376 1158 2474 pennigeris
1197 2377 1405 2474 patris
1459 2383 1560 2448 est
1607 2373 1900 2449 lacerata
1948 2322 2300 2494 ministris.

517 2486 716 2576 atque
768 2480 907 2552 odit
956 2480 1272 2598 aquilinas
1325 2479 1551 2577 dapes.
2062 2553 2069 2562 ,

511 2577 831 2677 Lugubre
883 2581 1238 2678 concinite,
1288 2583 1465 2655 bona
1515 2582 1635 2656 sed
1683 2583 2013 2657 vinounto.
2115 2636 2137 2652 ..

376 2784 380 2787 ’
518 2785 814 2857 Ta'ntum
867 2792 1285 2858 cruentorum
1337 2783 1461 2856 dea

513 2888 741 2960 favens
796 2888 1055 2960 tenellis
1108 2888 1341 2960 catulis
1394 2887 1655 2960 leonum

319 2991 461 3063 140
515 2992 1022 3088 omnigenaeque
1074 2991 1192 3064 sub
1244 2991 1443 3063 ubere
1497 2989 1724 3063 matris

513 3096 760 3190 agresti
809 3094 1043 3187 suboli,
1096 3102 1314 3166 tamen
1365 3094 1604 3166 bonum
1656 3091 1795 3167 vult

510 3207 849 3296 praestare
902 3197 1241 3293 augurium
1291 3198 1524 3270 horum
1670 3251 1673 3256 -
1890 3253 1896 3258 ⁴
2110 3257 2117 3262 .

514 3301 751 3396 dextra
801 3301 1081 3398 quidem,
1136 3299 1255 3378 sed
1305 3300 1519 3373 tristia
1566 3325 1908 3399 passerum
1958 3304 2124 3379 visa.

511 3400 634 3496 At,
690 3429 756 3497 0,
807 3423 1154 3502 precamur
1208 3404 1417 3503 opifer
1468 3412 1533 3477 te
1583 3402 1853 3502 Apollo,
1930 3449 1933 3452 π

320 3504 458 3577 145
515 3505 803 3580 adversis
833 3506 1140 3579 Danaum
1188 3531 1272 3581 ne
1326 3507 1603 3580 classem
1654 3508 1803 3580 diva
1850 3510 2139 3583 retardet

511 3610 585 3681 in
634 3618 829 3709 portu
878 3610 1115 3703 ventis,
1968 3671 1973 3672 γ
2212 3671 2218 3676 .

511 3713 829 3786 festinans
881 3714 1012 3785 alia
1062 3737 1143 3788 ae
1195 3714 1525 3812 scelerosa
1573 3713 1963 3811 infandaque
2015 3739 2208 3788 saera

510 3817 837 3915 principia
886 3818 957 3888 in
1008 3817 1300 3889 domibus
1350 3817 1537 3888 rixae
1586 3817 1900 3890 insidiosa
1949 3819 2184 3892 marito
2198 3846 2221 3890 ε

513 3944 791 4016 namque
841 3929 1061 3992 manet
1108 3919 1398 3993 rediviva

321 4018 462 4092 150
511 4022 637 4116 ira,
691 4022 919 4096 dolosa
970 4023 1144 4096 domi
1195 4029 1442 4115 eustos,
1494 4021 1700 4119 prolis
1752 4046 2000 4095 memor
2048 4022 2277 4097 ultrix-
2283 4027 2337 4069 ‘⁶

516 4125 716 4198 Talia
767 4123 1050 4199 Calchas
1102 4126 1352 4198 multis
1371 4126 1596 4198 iuncta
1646 4125 1832 4212 bonis
1883 4127 2284 4200 memorabat

514 4228 856 4325 augurium
906 4229 1035 4301 1100
1085 4230 1263 4326 genti
1313 4229 1490 4326 regis
1536 4227 1924 4327 portendere
1973 4228 2135 4307 fata,

517 4328 863 4405 Consonus
912 4331 1046 4403 illis
2232 4363 2235 4366 ·
2308 4361 2317 4368 ·

514 4435 785 4531 lugubre
837 4434 1222 4528 concinite»,
1247 4436 1418 4508 bona
1463 4435 1583 4509 sed
1629 4434 1961 4508 1100111110

2337 2789 2553 2888 epod.
