3275 5317
818 506 1298 572 EnrrloNr.
1336 506 2057 576 LYcoPHRoNIS.
2357 494 2363 501 ’
2419 507 2553 583 237.
2614 605 2618 608 .

320 667 848 766 Etymologicum
896 692 1201 766 magnum
1251 675 1321 743 et
1369 669 1635 767 antiqua
1685 668 1937 744 scholia
1998 676 2333 744 servarunt
2398 668 2556 769 φοί-

322 802 439 872 ρῳ
487 797 612 870 pro
661 773 940 845 lectione
992 773 1273 844 omnium
1303 773 1603 847 codicum
1625 770 1875 872 τάφῳ.
1969 770 2144 847 Nam
2188 797 2318 847 nou
2344 774 2555 848 solum

323 882 631 948 auctores
660 876 845 948 llaec
895 875 1219 974 scriptura
1267 877 1470 949 multo
1533 876 1929 973 antiquiores
1978 875 2175 948 habet
2185 928 2211 970 ,
2263 876 2381 949 sed
2427 900 2556 949 ne·-

320 978 618 1054 cessaria
648 986 770 1073 ⁴est
819 978 1014 1051 etiam
1064 978 1422 1052 sententiae
1450 1002 1710 1073 caussa,
1763 980 1916 1076 quia
1941 976 2166 1078 τάφῳ
2208 978 2555 1077 metapho-

322 1081 463 1155 rice
517 1080 599 1153 de
650 1081 955 1176 voragine
1023 1081 1267 1154 dictum
1338 1088 1408 1153 et
1470 1082 1696 1154 inutile
1762 1089 1868 1154 est
1916 1082 2171 1154 adiecto
2218 1083 2558 1180 τυμβεῦ-

326 1208 482 1276 σαι,
537 1191 605 1255 et
652 1183 844 1254 nimis
894 1184 1086 1280 longe
1137 1184 1496 1280 quaesitum
1548 1207 1629 1256 ac
1682 1184 1936 1257 durum.
2061 1181 2314 1282 Aperte
2377 1182 2556 1256 istud

323 1284 551 1385 τάφῳ
604 1311 690 1358 ex
738 1283 1092 1384 Sophoclis
1141 1286 1316 1379 loco,
1369 1309 1561 1383 quem
1608 1287 1898 1359 imitatus
1940 1294 2042 1358 est
2067 1287 2375 1384 scriptor,
2426 1310 2557 1357 na·-

328 1397 470 1464 tum
485 1441 512 1482 ,
566 1389 702 1461 sive
770 1389 943 1486 quod
991 1413 1138 1460 eum
1178 1387 1479 1460 librarius
1542 1388 1778 1486 aliquis
1827 1388 1897 1459 in
1951 1396 2168 1461 mente
2235 1388 2557 1482 habebat,

327 1492 467 1566 sive
522 1491 696 1590 quod
762 1491 1204 1589 adscripscrat
1280 1491 1628 1586 glossator.
1748 1490 2105 1564 Praeterea
2165 1487 2560 1590 μιστύλαὸ

327 1592 792 1693 ἐτύμβευσεν
855 1618 986 1666 non
1050 1617 1319 1691 prorsus
1385 1592 1620 1666 menda
1681 1603 1910 1687 vacat,
1980 1594 2096 1667 sed
2163 1619 2386 1671 versus
2447 1594 2558 1668 hio

327 1697 836 1771 monstrantibus
887 1696 1069 1768 libris
1120 1696 1446 1769 nonnullis
1497 1696 1597 1771 sic
1650 1696 2029 1787 scribendus
2045 1721 2070 1768 z

622 1835 935 1931 ἄσαρκα
983 1830 1410 1930 μιστύλασα
1456 1827 1884 1930 τύμβευσεν
1937 1828 2203 1933 φᾶρῳ,

330 1979 399 2046 et
465 1970 725 2070 quidem
787 1977 1138 2069 propterea
1200 1969 1378 2070 quod
1444 1992 1797 2062 caesurae,
1865 1969 2096 2067 quibus
2159 1967 2560 2068 Lycophron

328 2075 563 2206 ”fimf'
615 2098 747 2205 nou
795 2082 949 2149 sunt
997 2073 1165 2147 aliae
1217 2097 1412 2174 quam
1458 2071 2022 2173 πενθημιμερὴς
2089 2081 2158 2148 et
2227 2076 2561 2174 ἑφθημι-

334 2206 634 2356 αερηςᾷ.
693 2284 864 2355 166.
914 2281 997 2353 de
1048 2279 1232 2377 equis
1284 2277 1611 2353 Oenomai
1662 2279 1976 2378 scriptum
2025 2278 2338 2377 legimusx

638 2416 678 2492 ὅ
733 2416 874 2517 τὴν
923 2412 1316 2520 πόὸαργον
1379 2411 1681 2491 Ψύλλαν
1728 2416 2282 2517 ἦνιοστροφῶν,

639 2518 767 2596 καὶ
817 2518 958 2615 τὴν
1007 2519 1268 2603 ὁπλαῖς
1297 2516 1715 2617 (Ἀρπινναν
1754 2518 2133 2619 :dominus
2181 2525 2376 2616 ἴσην.

331 2658 666 2759 Repetitio
719 2657 977 2730 articuli
1024 2657 1097 2729 in
1147 2658 1354 2731 altero
1405 2682 1598 2729 versu
1646 2658 1742 2729 ita
1806 2657 2110 2731 abhorret
2174 2681 2214 2730 a
2276 2658 2562 2735 dictione

332 2763 622 2863 poetica,
682 2769 759 2833 ut
823 2759 1239 2833 scholiastam
1303 2759 1528 2831 andire
1594 2758 1946 2834 videamur.
2061 2757 2295 2858 Aeque
2357 2785 2563 2859 prava

333 2873 438 2939 est
488 2865 684 2937 trium
734 2863 1033 2936 codicum
1083 2863 1409 2960 scriptura
1456 2860 1586 2937 καὶ
1631 2868 1822 2946 ταῖς.
1922 2860 2270 2955 Neutrum,
2323 2871 2398 2935 ut
2433 2888 2562 2936 no-

329 2968 435 3041 bis
500 2967 754 3039 videtur
767 3018 792 3058 ,
860 2965 940 3037 ab
1016 2958 1451 3062 Lycophrone
1562 2963 1883 3037 rofectum
1948 2973 2087 3057 est,
2156 2966 2274 3037 sed
2337 2966 2559 3062 periit,

337 3069 513 3171 quod
560 3070 672 3141 ille
722 3076 1054 3167 posuerat,
1108 3068 1394 3142 verbum.
1558 3076 1810 3140 ortasse'
1856 3067 1988 3140 tale
2030 3068 2184 3167 quid
2210 3076 2519 3165 posuerat
2535 3092 2559 3139 ε

546 3202 831 3304 νωμῶν
881 3207 962 3280 θ’
1017 3205 1277 3289 ὁπλαῖς
1308 3205 1725 3303 ’Ἀρπινναν
1762 3203 2164 3304 Ἀρπυίαις
2213 3210 2406 3301 ἴσην.

336 3343 511 3421 Nam
563 3369 753 3442 quem
802 3342 993 3417 hodie
1044 3343 1353 3415 habemus
1403 3351 1657 3416 textum
1723 3344 2030 3416 carminis
2093 3341 2267 3416 haud
2330 3366 2562 3441 parum
2641 3434 2652 3442 .

337 3472 381 3522 a
424 3449 650 3548 prisca
699 3447 840 3518 eius
888 3446 1098 3519 forma
1149 3445 1470 3519 diversum
1518 3471 1704 3539 esse,
1768 3446 2015 3545 aliquot
2077 3446 2391 3544 exemplis
2453 3447 2565 3518 in-

338 3551 441 3626 fra
488 3541 865 3649 apparebit:
1618 3602 1621 3603 ν

544 3650 637 3726 V.
698 3654 866 3725 184.
919 3651 1199 3725 servavit
1248 3649 1706 3726 Bachmanuus
1749 3649 2271 3753 χερνίψουσιν,
2324 3649 2405 3725 de
2435 3675 2562 3749 quo

342 3756 537 3830 verbo
602 3755 673 3826 in
739 3754 1151 3827 adnotatione
1217 3754 1478 3828 scribit:
1538 3754 2033 3854 χερνίψαντες
2097 3755 2287 3828 Par.
2342 3753 2433 3827 A.
2487 3764 2570 3825 et

357 3857 526 3933 Vat.
600 3861 821 3931 1307.
901 3856 1050 3928 duo
1121 3856 1637 3954 antiquissimi
1702 3857 2040 3953 Codices,
2109 3857 2564 3958 quibuscum,

340 3966 436 4034 ‘ut
460 3962 655 4058 fere
722 3983 1014 4061 semper
1028 4012 1055 4054 ,
1123 3959 1507 4031 consentit
1564 3960 2086 4059 Paraplarusis
2168 3959 2566 4047 Vaticana,

349 4090 394 4141 σ
410 4095 466 4165 φ
488 4095 538 4140 α
553 4096 604 4169 y
619 4095 646 4139 ι
664 4060 711 4138 ἅ
727 4089 773 4139 σ
789 4094 838 4138 α
852 4090 1002 4140 ντε
1020 4093 1056 4147 ς
1116 4061 1503 4137 exhibens.
1615 4062 2141 4137 Memorabilis
2206 4087 2389 4135 sane
2455 4062 2570 4134 le-

347 4167 622 4241 ctionis
668 4167 1034 4261 varietas,
1097 4165 1282 4239 licet
1325 4165 1457 4239 mlv
1501 4165 1855 4261 ferenda
1867 4221 1894 4263 ,
1961 4167 2121 4239 nisi
2175 4165 2566 4262 statueris,

346 4270 945 4372 Lympha-ouem,
997 4292 1144 4367 quo
1194 4267 1637 4370 impeditior
1687 4281 1886 4343 esset
1930 4294 2210 4366 seusus,
2264 4269 2570 4342 eonsul-

351 4384 428 4446 to
494 4372 873 4448 orationis
914 4372 1154 4463 filum
1230 4373 1648 4472 abrupisse.
1780 4374 2174 4449 Rectissime
2254 4374 2405 4446 libri
2468 4372 2567 4445 illi

345 4478 833 4583 χερνίψαντες
845 4528 875 4572 ,
957 4482 1226 4574 eratque
1298 4477 1767 4587 recipiendum.
1899 4475 2055 4555 Non
2128 4478 2405 4580 abrupta
2464 4483 2568 4549 est
