3275 5317
922 508 927 515 .
1058 459 1174 525 ΡΟ
1192 459 1587 523 ETARVM
1610 473 1741 525 otc.
2402 459 2534 529 m

300 619 375 692 In
429 619 644 717 primo
697 644 892 693 versu
957 620 1126 719 lapis
1188 621 1234 717 ἦ
1286 620 1592 720 πατρίς,
1669 621 2034 720 lapicidae,
2083 630 2159 696 nt
2207 623 2529 717 audimus,

299 747 544 797 errore.
682 721 893 797 Immo
958 724 1173 797 critici
1239 749 1460 798 errore
1529 723 1781 798 deletus
1846 726 2186 799 articulus.
2316 726 2532 801 Porro

293 836 681 926 poteram,
733 827 968 924 inquit,
1020 825 1352 901 scribere
1396 829 1797 910 Ἀπολλᾶς.
1851 826 1993 902 Cur
2036 853 2193 925 crgo
2243 852 2378 902 uon
2426 830 2535 902 fe-

298 932 414 1023 cit,
471 930 594 1001 sed
646 930 878 1003 maluit
926 954 1186 1002 versum
1237 924 1667 1029 disperdere?
1731 928 1916 1004 Nihil
1965 931 2212 1005 dictum
2262 933 2345 1005 de
2394 940 2536 1005 ter-

296 1035 387 1106 tio
440 1057 679 1111 versut
748 1040 816 1105 et
863 1040 1079 1105 tamen
1130 1034 1287 1131 quid
1337 1034 1465 1108 hoc
1528 1034 1804 1107 monstri
1857 1042 1996 1126 cst,
2049 1044 2233 1133 ‘puer
2293 1035 2535 1128 infans,

295 1136 598 1233 idemque
669 1135 954 1208 sedecim
1028 1160 1233 1209 annos
1311 1145 1380 1210 et
1453 1162 1576 1210 sex
1637 1161 1895 1210 menses
1944 1131 2189 1211 natus?
2318 1137 2539 1210 Versu

297 1247 531 1337 quarto
582 1238 727 1311 iure
778 1238 1037 1335 quidem
1089 1237 1495 1336 ὃωροσύνη
1561 1240 1950 1315 vocabulum
2012 1265 2251 1313 novum
2302 1242 2537 1339 appel-

294 1343 510 1414 latur:
563 1366 646 1414 ac
695 1365 854 1413 saue
904 1350 1039 1414 tam
1088 1368 1327 1415 novum
1378 1350 1506 1436 est,
1559 1368 1755 1440 quam
1807 1342 1981 1440 quod
2022 1342 2247 1416 eadem
2344 1344 2539 1441 agina

295 1446 437 1543 ipse
493 1444 595 1516 vir
644 1439 1061 1517 doctissimus
1110 1446 1294 1538 fecit,
1348 1446 1674 1544 effosa-it.
1793 1444 2026 1538 Addit,
2077 1446 2240 1519 illud
2289 1368 2537 1541 geopo-

299 1545 490 1642 σύνη
545 1547 864 1620 obscurae
915 1547 1024 1619 hic
1077 1548 1334 1645 quidem
1389 1547 1884 1646 significationis
1937 1573 2107 1621 esse.
2214 1546 2537 1623 Credide-

296 1652 418 1723 rim
473 1675 604 1724 non
655 1650 764 1722 hic
815 1656 1094 1743 tantum,
1149 1651 1266 1723 sed
1316 1650 1582 1748 ubique,
1636 1652 1697 1725 si
1747 1676 2050 1748 umquam
2103 1660 2206 1725 est
2252 1677 2537 1752 usurpa-

296 1764 457 1827 tum.
566 1750 834 1826 Statum
887 1753 1060 1824 enim
1110 1753 1389 1850 aliquem
1455 1755 1621 1827 haec
1671 1755 2003 1826 nominum
2068 1755 2280 1828 forma
2327 1757 2539 1852 signi-

295 1857 473 1930 licat.
581 1854 692 1926 Ad
743 1855 1084 1953 septimum
1151 1880 1447 1948 versum,
1517 1881 1709 1954 quem
1772 1856 1917 1954 ipse
1984 1855 2082 1930 sic
2149 1858 2536 1953 emendavit,

295 1959 715 2059 parenthesin
765 1958 1126 2054 longiorem
1179 1966 1643 2032 commemorat
1708 1983 1794 2031 ex
1861 1959 1992 2032 alio
2046 1960 2534 2058 epigrammate.

299 2063 478 2155 Quid
527 2064 655 2135 hoc
706 2061 789 2132 ad
838 2054 1034 2155 rem?
1139 2058 1224 2157 Si
1271 2061 1367 2133 ita
1418 2062 1831 2160 scripsisset,
1899 2071 1976 2135 ut
2036 2062 2182 2161 ipse
2232 2063 2410 2151 vult,
2475 2065 2536 2136 is

298 2167 408 2264 qui
460 2166 861 2264 epigramma
910 2164 1093 2259 fecit,
1147 2163 1501 2238 addidisset
1562 2165 1737 2238 hunc
1784 2189 2045 2238 versum
2109 2167 2538 2264 appositionis

298 2269 511 2366 figura
561 2268 646 2340 ad
696 2264 1022 2364 δόμους,
1078 2291 1205 2366 quo
1256 2263 1481 2366 δόμοι
1547 2268 1923 2342 dicerentur
1987 2269 2187 2353 οἶκος
2250 2299 2534 2369 μεμορ-

299 2375 524 2470 μένος
575 2370 702 2446 καὶ
769 2367 1192 2447 ἀθανάτων
1272 2371 1496 2448 τέκνα
1565 2372 1673 2447 ἐπ’
1744 2370 1983 2448 αὐτὸν
2050 2376 2323 2448 ἐλθεῖν.
2440 2370 2539 2446 At

300 2479 523 2575 inepta
574 2482 677 2549 est
724 2475 840 2546 illa
890 2475 1236 2567 sententia,
1292 2476 1446 2572 quia
1472 2475 1535 2548 ei
1565 2483 1933 2573 repugnant
1962 2475 2333 2573 sequentia=
2385 2502 2536 2549 nam

302 2581 357 2652 si
406 2579 608 2651 etiam
661 2577 928 2650 deorum
978 2576 1149 2652 filios
1199 2580 1270 2651 in
1336 2575 1594 2652 Orcum
1661 2579 2002 2676 pervenire
2068 2604 2341 2654 necesse
2408 2589 2536 2673 est,

303 2684 411 2780 qui
439 2680 541 2774 fit,
595 2688 670 2753 ut
694 2681 804 2754 hic
835 2681 1117 2753 sedecim
1151 2706 1464 2755 annorum
1495 2682 1737 2773 infans,
1789 2682 1902 2778 qui
1927 2705 2057 2754 nou
2081 2689 2184 2754 est
2209 2682 2315 2754 dei
2336 2680 2535 2777 filius,

301 2811 445 2859 sese
473 2793 693 2858 tamen
715 2785 783 2855 in
811 2784 1059 2881 campis
1085 2782 1330 2879 Elysiis
1355 2784 1674 2875 habitare,
1701 2783 2002 2881 quodque
2027 2785 2380 2881 permirum
2406 2792 2533 2877 est,

255 2960 258 2963 Α
302 2890 389 2961 ibi
421 2912 680 2987 quoque
702 2888 873 2960 inter
894 2885 1065 2961 filios
1096 2886 1388 2979 deorum,
1422 2911 1586 2984 quos
1614 2887 1806 2959 modo
1833 2887 2032 2958 alium
2056 2887 2126 2957 in
2151 2886 2373 2959 locum
2414 2888 2537 2961 de-

302 3002 519 3064 trusos
551 2992 831 3083 dixerat,
857 2991 1074 3062 vivere
1105 2983 1452 3063 autumet?
1503 2987 1811 3087 Denique
1842 3013 1963 3062 cur
1990 3013 2161 3062 nono
2188 3013 2383 3061 versu
2410 2990 2535 3063 do-

303 3120 534 3168 namur
582 3094 984 3192 heptametro
999 3145 1023 3185 ,
1079 3101 1148 3166 et
1178 3093 1264 3167 in
1315 3093 1568 3166 decimo
1632 3092 1812 3165 verbi
1875 3116 2179 3165 mensura
2239 3092 2473 3167 vitiosa
2489 3088 2629 3168 {²22

303 3197 544 3271 Videte
592 3222 747 3270 vero
759 3250 785 3289 ,
856 3195 1204 3270 Candidati
1266 3196 1493 3294 optimi
1509 3248 1533 3288 ,
1608 3220 1802 3293 quam
1860 3195 2055 3268 facile
2119 3196 2532 3295 turpissimae

305 3302 468 3375 istae
518 3300 699 3373 labes
750 3300 1034 3396 abstergi
1084 3296 1361 3399 possint.
1464 3297 1745 3397 Lapidis
1795 3299 2152 3396 scripturas
2204 3299 2532 3375 Welcke-

305 3429 414 3478 rus
467 3411 787 3477 memorat
833 3403 995 3475 hast
1048 3428 1112 3475 v.
1177 3410 1242 3476 1.
1297 3409 1815 3478 ΗΠΑΤΡΙΣ.
1869 3428 1932 3474 v.
1980 3405 2053 3477 7.
2116 3406 2536 3481 OIYONE-

311 3513 544 3586 ΠΕΓ.
614 3533 679 3580 v.
734 3510 807 3580 8.
859 3509 1401 3583 ΛΛΛΟΙΚΕΙ.
1470 3532 1535 3580 ν.
1599 3509 1716 3580 10.
1791 3510 2237 3581 ΗΔΡΥΣΕ.
2342 3504 2534 3581 Red-

312 3611 535 3683 damus
582 3610 784 3707 igitur
834 3610 1143 3708 scriptori
1194 3635 1353 3684 suat

502 3817 603 3894 ‘H
664 3815 935 3915 πατρὶς
1009 3814 1154 3916 μὲν
1204 3818 1496 3915 ,μοῦστι
1573 3813 1863 3894 Λύκων
1931 3813 2176 3903 πόλις·
2251 3817 2401 3917 εἰμὶ
2453 3819 2533 3894 δ’

1524 3919 1926 4008 Ἀπολλᾶς,

615 4025 699 4100 ἐν
751 4020 1008 4121 Φαρίῃ
1056 4021 1235 4124 γαίῃ
1284 4020 1554 4121 θυμὸν
1603 4022 2148 4122 ἀποφθίμενος.

480 4122 774 4222 ,νήπιος
820 4124 1231 4223 ἡρπάσθην
1283 4125 1364 4201 δ’
1420 4123 1901 4223 ἑκκαιδεκάτῃ
1954 4131 2301 4203 ἐνιαυτοῦ

613 4232 832 4306 ἕκτον
879 4227 1345 4328 κουροσύνης
1391 4238 1596 4328 μῆνα
1649 4227 2225 4329 παρερχόμενος.

417 4331 459 4402 5
513 4341 658 4411 νῦν
709 4331 794 4408 δὲ
836 4333 1362 4433 Ἀβυὸηναίου
1405 4330 1778 4434 Ὀσίριδος
1830 4329 2318 4433 οἷμφιπολεύω
