3275 5317
612 434 1082 499 INDICENDIS
1122 431 1542 506 ExsEQvns
1584 433 1665 502 H.
1710 436 1786 501 G.
1830 431 2282 500 BRANDESII.
2446 432 2578 500 323

327 598 687 672 amicorum
707 650 734 692 ,
807 597 1174 671 auditorum
1190 649 1216 689 ,
1296 595 1535 670 civium
1603 596 1891 669 omnium
1956 559 2168 694 gratia
2233 603 2302 671 et
2351 619 2576 672 amore

332 702 582 776 florens
593 753 620 795 ,
685 713 1024 774 munerum
1090 689 1633 797 amplissimorum
1685 699 2246 772 administratione
2310 701 2575 808 egregie

324 806 672 904 probatus,
719 805 868 903 ipso
914 805 983 875 in
1034 805 1322 877 maximo
1387 804 1616 899 vigore
1677 803 1914 876 aetatis
1978 803 2228 897 virilis,
2279 804 2349 876 in
2396 804 2572 902 ipso,

327 921 522 1006 quem
573 899 938 980 admirabili
988 907 1309 1005 sapientia
1358 907 1628 1003 gerebat
1694 925 1949 979 summu
2010 907 2438 1003 magistratu,
2493 931 2575 980 eo
2722 897 2735 902 ’

324 1012 481 1110 ipsu
528 1018 846 1108 tempore,-
899 1023 1034 1109 quo
1078 1005 1214 1081 filia
1266 1009 1689 1082 dilectissima
1750 1009 1820 1080 iu
1874 1010 2074 1081 amati
2141 1010 2366 1106 sponsi
2427 1033 2577 1083 ma*-

323 1139 484 1188 num
535 1114 983 1206 conveniebat,
1032 1111 1338 1210 filiusque
1382 1120 1543 1188 nata
1573 1112 1897 1185 maximus
1928 1120 1998 1185 et
2024 1109 2236 1184 affinis
2288 1136 2376 1184 ex
2423 1112 2605 1187 Ion-⁶.

323 1213 594 1315 ginquis
635 1217 804 1290 locis
855 1239 969 1288 eas
1033 1217 1302 1314 nuptias
1367 1216 1886 1289 concelebraturi
1952 1225 2577 1313 approperaverant,

323 1333 690 1419 paucorum
741 1319 993 1391 dierum
1042 1319 1273 1392 morbo
1320 1319 1548 1417 rapide
1614 1320 2110 1417 ingravescente
2163 1317 2576 1417 absumptus,

324 1424 489 1497 fletu
539 1430 607 1496 et
653 1423 948 1496 lacrimis
993 1422 1285 1520 implevit
1350 1422 1613 1495 domum
1627 1475 1654 1515 ,
1723 1445 1891 1521 quae
1959 1422 2154 1494 modo
2218 1421 2581 1494 laetissima

327 1545 447 1625 spe
481 1526 986 1615 ,exsultaverat3
1051 1543 1326 1599 uxorem
1341 1578 1367 1618 ,
1420 1515 1702 1620 liberos,
1754 1525 2193 1624 propinquos,
2262 1524 2577 1622 collegas,

326 1628 604 1722 amicos,
659 1629 1042 1726 discipulos,
1098 1636 1303 1703 totam
1326 1627 1839 1702 Vniversitatem
1866 1636 2158 1701 nostram
2207 1626 2279 1700 in
2327 1628 2580 1701 luctum

325 1737 397 1807 et
456 1753 824 1805 maerorem
891 1725 1206 1822 coniecit3
1291 1755 1610 1830 quemque
1676 1732 1898 1829 paullo
1966 1739 2118 1803 ante
2181 1731 2252 1802 iu
2318 1739 2577 1824 senatu,

295 1837 400 1922 ,in
448 1834 880 1909 conventibus·
926 1825 1202 1907 Ordinis
1250 1835 1825 1932 philosophorum,
1877 1835 1947 1906 in
1997 1833 2278 1932 publicis
2331 1834 2580 1907 solem·-

324 1938 676 2035 nitatibus,
736 1938 807 2009 in
858 1938 1154 2011 coetibus
1207 1938 1563 2011 amicorum
1615 1938 1940 2011 valentem
1954 1988 1980 2029 ,
2036 1937 2349 2030 alacrem,
2401 1937 2578 2009 hila-

324 2057 495 2129 rem,
545 2042 792 2115 laetum
843 2061 1420 2138 conspexeramus,
1475 2040 1693 2114 subita
1742 2042 1809 2114 vi
1872 2048 2274 2138 prostratum
2327 2040 2579 2113 tristis-

326 2135 510 2226 simu,
545 2144 796 2216 funeris
845 2145 1162 2217 comitatu
1223 2144 1557 2216 intulimus
1622 2143 1954 2241 sepulcro.
2072 2140 2382 2217 Solitudo
2449 2143 2576 2216 do·-

324 2265 501 2340 mus,
544 2270 766 2345 'vacua
815 2246 1006 2319 sedes
1056 2246 1127 2318 in
1180 2247 1594 2320 consessibus
1643 2245 2088 2339 Academiae,
2143 2246 2403 2320 deserta
2454 2263 2577 2320 caa-

324 2351 582 2443 thena,
635 2351 1062 2448 propinquos,
1116 2351 1431 2446 collegae,
1485 2349 1817 2423 auditores
1869 2350 2166 2423 orbitatis
2180 2401 2207 2443 ,
2260 2350 2331 2421 in
2383 2373 2579 2448 quam

326 2459 482 2527 sunt
530 2454 816 2546 redacti,-
858 2453 1185 2526 admonet.
1281 2451 1568 2527 »Frustra
1618 2452 1859 2551 quique
1907 2453 2250 2551 requirunt
2300 2452 2381 2525 de
2430 2477 2580 2526 me·-

326 2558 466 2631 dio·
490 2557 840 2648 sublatum,
894 2573 1021 2629 nec
1073 2556 1430 2654 quidquam
1474 2557 1598 2628 sibi
1628 2557 1933 2629 relictum
1974 2555 2220 2649 vident,
2273 2556 2402 2629 nisi
2444 2557 2580 2629 do·-

324 2660 538 2734 lorem·
602 2667 676 2732 et'
735 2659 1166 2751 maestitiam,
1239 2659 1608 2757 crescitque
1674 2660 1883 2756 erepti
1946 2658 2339 2731 desiderium
2355 2711 2380 2751 ,
2451 2684 2581 2756 quo

328 2764 544 2861 magis
612 2761 853 2858 singuli
916 2762 1351 2834 recordantur
1365 2803 1434 2853 ,-
1479 2768 1791 2859 quantam
1869 2762 2153 2835 fecerint
2215 2762 2578 2851 iacturam3

325 2885 524 2959 uxor,
579 2883 778 2962 (suem
797 2865 1139 2955 maritum3
1192 2865 1406 2957 liberi,
1462 2887 1655 2961 quem
1679 2872 2056 2961 parentem3
2113 2864 2334 2957 amici,
2387 2889 2580 2962 quem

225 2961 240 2992 ⁸
328 2970 649 3058 amiemn3
706 2968 1023 3063 collegae,
1078 2991 1268 3065 quem
1323 2967 1678 3063 collegam3
1734 2967 2063 3065 discipuli,
2118 2988 2308 3064 quem
2341 2966 2581 3041 docto-

327 3093 507 3163 rem3
576 3069 978 3162 Academia,
1045 3095 1239 3176 quem
1302 3078 1629 3143 rectorem
1699 3071 2011 3143 amiserit.
2149 3067 2295 3143 Sed
2359 3080 2619 3154 tamen*

327 3176 496 3249 haec
546 3176 570 3245 i
618 3195 694 3246 sa
741 3172 1122 3246 recordatio·
1164 3175 1366 3246 etiam
1415 3173 1721 3246 solatium
1771 3172 1986 3262 affert,
2037 3174 2237 3273 idque
2285 3174 2444 3268 tale,
2499 3199 2580 3248 eo

328 3287 428 3352 nt·
452 3201 706 3350 nuliinn
771 3285 885 3349 aut
937 3277 1371 3375 exoptabilius
1425 3283 1542 3350 aut
1604 3278 1939 3376 potentius
2001 3276 2287 3351 inveniri
2343 3278 2579 3376 possit.

327 3380 485 3456 Non
553 3381 726 3453 enim
793 3381 1004 3453 onmis
1063 3381 1350 3474 interiit,
1421 3382 1533 3455 cui
1598 3385 1933 3479 superstes
1997 3389 2220 3455 manet
2268 3381 2580 3455 virtutum

327 3483 686 3577 memoria,
754 3505 923 3582 quae
982 3483 1145 3557 facit
1203 3491 1280 3557 ut
1354 3482 1542 3583 qnasi
1604 3486 1819 3558 vivam
1898 3484 2247 3581 imaginem
2309 3483 2578 3577 intueri,

330 3588 772 3685 delectarique
824 3588 965 3660 eius
1019 3587 1338 3686 adspectu
1387 3588 1748 3662 videamur.
1869 3587 2065 3681 Quae
2123 3588 2340 3684 imago
2355 3638 2382 3680 ,
2454 3589 2582 3660 etsi

332 3691 424 3765 ad
469 3692 754 3789 alloquia
802 3711 935 3763 non
985 3687 1362 3791 respondet,
1413 3699 1634 3766 tamen
1684 3690 1996 3765 monitrix
2051 3691 2271 3764 adstat
2319 3691 2580 3783 animis,

334 3803 403 3869 et
452 3794 544 3867 ad
585 3795 974 3866 imitandum
1020 3796 1601 3893 aemulandumque
1654 3796 1904 3869 excitat
1954 3795 2497 3892 contemplantes.

537 3883 702 3971 Fuit
749 3905 974 3971 autem
1016 3905 1158 3972 tota
1206 3899 1330 3970 viri
1378 3899 1513 3971 vita
1577 3899 1729 3971 talis
1746 3951 1771 3992 ‚
1840 3904 1916 3971 ut
1981 3906 2051 3972 et
2110 3906 2390 3971 testetur
2440 3897 2581 3969 eius

188 4082 192 4086 ,
331 3993 587 4094 laudes,
642 4008 712 4074 et
775 4009 1104 4099 tamquam
1171 4002 1541 4100 exemplum
1607 4010 1825 4076 exstet
1838 4053 1865 4095 ,
1932 4026 2061 4099 quo
2113 3999 2282 4073 disci
2343 4000 2580 4099 possit,

331 4106 494 4202 quid
542 4097 628 4177 ab
675 4104 854 4176 inani
902 4106 1057 4177 fuco
1124 4105 1323 4178 distet
1391 4127 1546 4178 vera
1609 4106 1857 4200 virtus,
1925 4127 2092 4202 quae
2160 4112 2581 4177 contemnens

331 4209 482 4282 cito
494 4208 850 4307 perituram
876 4207 1176 4303 gloriam,
1229 4231 1424 4307 qnam
1476 4208 1851 4305 arrogantia
1901 4214 1968 4281 et
1995 4207 2328 4281 temeritas
2379 4207 2578 4306 parit,

333 4312 656 4410 pudenter
705 4321 773 4386 et
820 4311 1114 4383 modeste
1166 4313 1251 4384 ad
1299 4313 1416 4384 illa
1483 4312 1753 4386 enititur
1768 4363 1795 4405 ,
1862 4336 1949 4385 ex
2013 4311 2245 4410 quibus
2310 4331 2581 4383 mansu·-

336 4433 492 4488 rum¹
531 4414 709 4490 omni
760 4437 920 4489 aevo
972 4414 1176 4508 decus
1226 4423 1540 4514 emergat.
1645 4413 1800 4491 Nou
1854 4422 1957 4489 est
2005 4415 2195 4589 lylpbis
2244 4414 2315 4486 in
2366 4414 2583 4486 animo

2109 4521 2156 4590 2
