3275 5317
996 467 1758 534 MYRMIDONIBVS
1803 477 1911 536 etc.
2444 471 2570 538 161

326 631 708 731 ἄλοχον
741 634 1030 734 ἤγαγε
1101 629 1403 731 φίλην.
1521 630 1970 729 Iucogitauter
2029 630 2194 705 haee
2257 633 2568 707 emenda·

324 747 509 832 runt,
563 737 675 836 qui
725 736 1138 856 scripserunt
1177 735 1366 812 ὅθεν
1416 763 1552 832 περ
1584 733 1939 834 ‘me
1961 735 2239 830 ἄλοχον
2285 736 2568 838 ἤγαγεν

324 841 584 940 φίλην.
689 837 811 912 Sic
863 838 1035 912 enim
1085 839 1143 910 si
1194 838 1569 937 scripsisset
1618 834 2015 935 Aeschylus,
2069 837 2199 909 alia
2264 839 2566 911 nomina·-

325 952 513 1017 retur
558 943 780 1041 proles
844 938 1357 1030 Andraemonis,
1439 965 1574 1014 non
1638 937 2127 1014 Andromacha.
2245 937 2567 1038 Apertum

325 1054 435 1119 est
483 1045 608 1119 hos
658 1044 861 1118 fuisse
911 1069 1140 1118 versus
1189 1041 1540 1139 Aeschyli·

631 1194 1189 1297 Ἀνδραίμονος
1238 1196 1603 1299 γένεθλον
1659 1190 1722 1271 ὦ
1773 1193 2293 1295 Λυρνησσίου,

643 1299 834 1376 {few
884 1330 1020 1400 περ
1054 1299 1358 1400 Ἐκτωρ
1414 1300 1481 1375 οῖ’
1536 1300 1829 1396 ἄλοχον
1862 1299 2143 1402 ἤγαγεν
2194 1298 2442 1399 φίλην.

305 1452 555 1531 ‘'o-9⁶11
603 1477 795 1526 nemo
847 1478 980 1527 uon
1005 1451 1183 1527 videt
1231 1451 1318 1525 ad
1364 1439 1831 1556 Λυρνησσόν
1878 1451 2136 1545 referri,
2188 1451 2361 1549 quod
2408 1451 2572 1529 latet

323 1556 398 1629 111
446 1553 969 1655 Λυρνησσίου.

534 1658 782 1732 Reddit
828 1656 1125 1729 Achilles
1174 1655 1443 1730 Priamo
1495 1680 1736 1755 corpus
1803 1654 2114 1730 Hectoris
2180 1655 2326 1755 pari
2391 1683 2565 1756 pon-

327 1760 483 1834 dere
537 1760 683 1832 auri
729 1782 1100 1856 repensum.
1204 1755 1613 1832 Scholiastes
1679 1755 1854 1831 Ven.
1923 1759 2008 1832 ad
2069 1758 2262 1833 mad.
2314 1759 2561 1834 XXII.

330 1861 508 1936 351.
554 1861 862 1954 adillud,
916 1859 1118 1937 οὐδ’
1176 1864 1264 1934 εἴ
1304 1860 1463 1936 κέν
1517 1860 1582 1937 σ’
1635 1859 1936 1937 αὐτὸν
1977 1871 2311 1961 χρυσῷ
2363 1860 2561 1963 ἐρύ-
2524 1863 2661 1936 -23

329 1968 693 2041 σασθαι
744 1960 1111 2092 ἀνωγοι
1161 1959 1777 2060 Δαρδανίδης
1829 1963 2313 2095 Πρίαμος·
2367 1964 2568 2062 ἥδι-

328 2076 502 2163 πλῆ,
556 2064 675 2143 ὅτι
723 2065 1233 2165 ὖπερβολικως
1284 2064 1493 2169 λεγει.
1562 2064 1603 2142 ὅ
1658 2065 1744 2142 δε
1794 2063 2173 2162 Αἰσχύλος
2222 2069 2329 2143 ἐπ’
2385 2069 2568 2164 αλη-

325 2170 550 2255 θείας
605 2166 1175 2299 ανθιστοίμενον
1214 2170 1511 2269 χρυσὸν
1537 2167 1884 2264 πεποίηκε
1932 2167 2121 2270 πρὸς
2169 2168 2255 2246 τὸ
2290 2171 2567 2248 ‘'Exto-

330 2304 462 2375 ρος
515 2278 736 2371 σῶιια
787 2276 870 2351 ἐν
922 2269 1899 2370 Φρυξίν.8111101.ΤοἮ111.
1954 2281 2021 2346 et
2071 2269 2257 2349 Viot.
2310 2273 2351 2350 ὅ
2391 2274 2564 2371 μέν·

328 2406 451 2453 τοι
501 2372 885 2472 Αἰσχύλος
929 2375 1298 2474 Έκτορος
1366 2372 1663 2475 λύτροις
1729 2373 2011 2472 ἀληθὲς
2075 2372 2260 2452 αὐτὸ
2331 2376 2568 2463 ἐξεδέ-

329 2484 533 2566 ξατο.
636 2476 747 2553 Εο
796 2478 1105 2610 pertinet,
1158 2479 1331 2577 quod
1354 2476 1723 2576 Hesychius
1773 2478 2005 2552 habet·
2057 2477 2376 2580 ἄροτον·
2427 2480 2568 2558 τὸν

331 2581 559 2660 ὁλκὸν
625 2590 765 2659 τοῦ
811 2581 1204 2678 Έκτορος,
1286 2579 1334 2677 ἢ
1399 2582 1487 2658 το
1557 2579 2109 2678 αντίσταθμον.
2188 2582 2570 2680 Αἰσχύλος

331 2683 652 2787 Φρυξίν.
773 2683 898 2759 Sic
964 2685 1160 2757 etiam
1222 2680 1613 2758 FavorinuS.
1733 2682 2077 2758 Schowius
2094 2736 2121 2776 ,
2189 2711 2276 2759 ex
2339 2688 2572 2761 codice

331 2813 418 2861 an
464 2813 587 2887 per
639 2812 952 2880 errorem,
1004 2784 1311 2886 ἄροτόν.
1427 2785 2048 2885 Interpretationum
2114 2812 2277 2885 quas
2349 2790 2570 2864 attulit

330 2888 699 2989 Hesychius
775 2914 997 2963 veram
1062 2915 1209 2963 esse
1285 2889 1629 2988 oportebat
1702 2890 2023 2987 priorem·
2104 2915 2316 2987 neque
2394 2893 2566 2965 enim

330 2992 475 3069 fieri
524 2993 768 3093 potuit,
820 3001 896 3066 ut
942 2992 1198 3091 pondus
1246 3016 1371 3090 par
1422 2991 1749 3063 diceretur
1800 2993 2094 3091 ἄροτος.

533 3094 732 3169 Aliae
783 3119 945 3193 quas
999 3119 1085 3168 ex
1132 3094 1259 3168 hac
1307 3093 1529 3166 fabula
1595 3092 1939 3191 decerptas
2004 3093 2317 3167 habemus
2369 3120 2567 3170 voces

331 3200 415 3273 ad
481 3223 679 3298 quam
742 3206 993 3297 partem
1067 3197 1284 3295 operis
1349 3193 1719 3294 pertineant
1788 3195 1984 3294 plane
2047 3196 2370 3270 incertum
2438 3207 2565 3272 est.

331 3301 509 3378 Sunt
559 3308 779 3374 autem
827 3300 976 3373 hae.
1095 3297 1297 3397 Apud
1358 3297 1795 3437 Hesychium·
1866 3300 1916 3374 οἰ
1932 3329 1983 3402 γ
1998 3329 2048 3374 α
2072 3325 2177 3375 στ
2191 3331 2281 3389 α,
2350 3300 2400 3377 ἃ
2468 3304 2570 3379 ἄν

331 3400 1514 3603 ἶὲῗι.ἕγ““ἒῖὲἶὲἑ..ἓῖιῖνφῖῗὲἷα
1530 3398 2009 3600 Nfflss‘gitssff
2060 3402 2569 3604 ξὲἕζίτ...ῗῖῗ

331 3637 510 3706 num,
565 3609 1005 3742 {ubitavitque
1054 3605 1339 3701 Alberti,
1391 3631 1500 3700 an,
1554 3606 1730 3704 quod
1780 3607 2143 3696 litterarum
2194 3609 2355 3683 ordo
2405 3634 2569 3684 sua-

333 3714 508 3809 «leat,
562 3711 811 3817 οἰγατὰ
864 3711 1206 3810 scripserit
1252 3709 1646 3808 Hesychius.

535 3813 740 3915 Apud
791 3812 1642 3907 311111119111.αδιοπον,
1708 3814 2046 3913 ἄναρχον
2096 3815 2224 3891 καὶ
2277 3813 2567 3946 ἀφύλα-

333 3947 535 3998 κτον.
593 3915 971 4016 Αἰσχύλος
1152 3915 1298 4006 ξυί,
1350 3909 1600 3992 δίοποι
1719 3946 1818 4015 αρ
1872 3919 1944 3992 οἱ
1992 3926 2122 4013 τῆς
2174 3949 2362 4003 νεως
2414 3916 2565 4018 φύ-

336 4032 573 4109 λακες.
675 4018 1003 4094 Eadem
981 4046 1052 4093 111
1023 3922 1394 4094 spssekkeri
1442 4016 1702 4092 Aneo-
1754 4045 1824 4118 p.
1882 4022 2060 4115 344,
2113 4024 2186 4096 8.
2251 4046 2384 4094 non
2434 4046 2563 4095 no-

338 4127 582 4199 minato
641 4130 936 4200 auctore.
1050 4120 1113 4195 F
1114 4147 1456 4196 avonnus
1522 4123 1899 4218 Αἰσχύλος
1964 4124 2170 4224 παρὰ
2239 4123 2562 4223 Φρυξίν,

343 4229 486 4304 ἀπὸ
555 4236 695 4304 τοῦ
758 4226 1012 4302 διέπω.
1091 4223 1343 4303 δίοποι
1417 4224 1567 4330 γὰρ
1637 4226 1972 4330 ἐλέγοντο
2043 4229 2115 4303 οἱ
2176 4235 2308 4322 τῆς
2372 4224 2563 4312 νεως

348 4329 685 4429 φύλακες.
817 4326 1206 4403 Eustathius
1270 4355 1342 4428 p.
1409 4333 1586 4423 203,
1657 4334 1779 4402 ll.
1864 4329 2077 4424 (154,
2150 4328 2257 4425 5.)
2332 4333 2412 4408 ἐκ
2476 4328 2562 4407 δὲ

351 4430 614 4511 τούτου
666 4433 760 4511 οὗ
808 4429 1052 4530 μόνον
1101 4429 1351 4510 δίοποι
1401 4434 1473 4509 οἱ
1522 4433 1901 4535 ἄρχοντες,
1950 4432 2055 4518 ὥς
2103 4433 2233 4510 καὶ
2274 4431 2563 4532 Αἰσχύ-

445 4535 711 4612 HERM.
764 4532 904 4611 Or.
956 4533 1049 4610 V.
2084 4534 2154 4610 L
