3275 5317
1012 463 1090 529 G.
1131 463 1210 530 H.
1253 461 1783 526 BRANDEsu
2401 459 2532 529 333

223 713 234 722 ι
294 633 665 722 temporum
754 621 1129 696 discrimine
1218 649 1388 723 opus
1465 624 1555 698 sit
1630 624 1694 698 ei
1707 677 1732 718 ,
1816 624 2003 698 cuius
2067 623 2136 696 iu
2203 632 2531 722 potestate

294 750 552 802 summa
603 734 706 799 est
752 727 852 799 rei
900 724 1367 822 Academicae,
1422 752 1617 825 quum
1671 728 1733 803 ei
1785 729 1970 826 quasi
2019 728 2189 802 inter
2236 725 2531 824 Scyllam

259 839 366 905 ,81
421 828 791 925 Charybdin
853 831 1183 926 naviganti
1244 831 1304 902 is
1354 831 1671 904 tenendus
1723 831 1811 903 sit
1841 856 2099 924 cursus,
2152 855 2279 929 quo
2329 832 2534 904 liber-

293 941 501 1008 tatem
549 932 889 1006 honestam
937 932 1443 1031 dignitatemque
1492 931 1919 1027 Academiae,
1971 958 2136 1032 quae
2187 935 2249 1008 ei
2292 958 2533 1031 regen-

294 1037 383 1109 da
434 1043 562 1127 est,
615 1043 874 1108 tueatur
923 1044 993 1109 et
1041 1036 1352 1109 adversus
1402 1037 1725 1111 internam
1776 1044 1971 1134 atque
2023 1045 2363 1110 externam
2403 1037 2534 1110 vim

293 1140 573 1212 muniat.
676 1135 873 1211 Fecit
921 1138 990 1210 id
1040 1138 1109 1210 in
1172 1140 1556 1237 magistratu
1624 1164 1746 1213 suo
1812 1139 2214 1213 Brandesius
2277 1140 2407 1232 ita,
2459 1149 2536 1214 ut

294 1241 836 1339 quemadmodum
886 1265 967 1313 ea
1013 1242 1164 1340 ipsa
1215 1242 1345 1334 die,
1399 1267 1528 1340 qua
1576 1266 1813 1314 munus
1862 1242 2026 1315 illud
2088 1242 2287 1335 adiit,
2340 1267 2537 1339 egre-

294 1346 408 1441 gia
461 1345 754 1417 oratione
806 1369 975 1438 83111,
1028 1369 1195 1442 quae
1249 1369 1398 1418 vera
1429 1352 1531 1418 est
1568 1346 1836 1418 libertas
1866 1342 2294 1437 Academica,
2346 1368 2537 1418 com-

294 1448 739 1539 mendaverat,
793 1448 891 1519 sic
944 1447 1120 1520 omni
1167 1448 1282 1521 illo
1333 1456 1654 1547 tempore,
1707 1473 1835 1546 quo
1900 1447 2168 1521 functus
2233 1454 2335 1520 est
2382 1471 2536 1519 mu-

296 1576 458 1624 nere
508 1550 786 1623 rectoris
803 1602 828 1642 ,
908 1574 1113 1647 aeque
1183 1559 1250 1623 et
1313 1551 1761 1625 fortitudinem
1827 1551 1970 1624 eius
2019 1558 2087 1624 et
2135 1550 2536 1624 moderatio-

292 1678 451 1727 nem
501 1654 704 1725 simus
771 1652 1111 1746 admirati,
1175 1653 1820 1752 intellexerimusque
1834 1707 1861 1749 ,
1928 1677 2062 1726 non
2124 1653 2338 1725 minus
2389 1678 2538 1726 eum

293 1757 707 1830 defensorem
755 1752 1157 1829 Academiae
1223 1766 1558 1831 strenuum
1570 1810 1598 1851 ,
1670 1782 1866 1856 quam
1913 1756 2172 1855 paterni
2235 1757 2307 1828 in
2357 1756 2538 1829 cives

293 1861 501 1932 animi
549 1859 1046 1956 gubernatorem
1096 1858 1324 1933 fuisse.

504 1961 907 2036 Dicebamus
958 1987 1184 2060 supra,
1236 1962 1439 2036 multo
1492 1962 1671 2059 apud
1716 1987 1841 2038 1188
1902 1985 2100 2061 quam
2148 1961 2308 2035 alibi
2357 1958 2538 2034 diffi-

295 2067 596 2142 ciliorem
645 2065 774 2137 hoc
824 2065 1085 2163 quidem
1145 2072 1438 2164 tempore
1490 2066 1572 2141 ob
1639 2065 1801 2139 duas
1867 2088 2137 2139 caussas
2203 2089 2350 2138 esse
2413 2064 2539 2137 ad·
2627 2084 2632 2089 ’

294 2168 839 2243 ministrationem
888 2176 1257 2241 rectoratus
1307 2167 1720 2241 Academici.
1838 2166 2094 2241 Earum
2157 2191 2540 2242 caussarum

293 2296 433 2347 una
482 2272 553 2343 in
576 2271 893 2344 institutis
945 2279 1206 2344 nostrae
1237 2272 1599 2345 litterarum
1627 2270 2093 2346 Vniversitatis
2146 2280 2248 2346 est
2295 2271 2538 2369 posita.

292 2376 704 2472 Perantiqua
753 2383 856 2447 est
903 2374 1069 2448 haec
1117 2372 1508 2468 Academia,
1552 2374 1748 2448 cuius
1799 2375 2172 2449 conditores
2197 2382 2544 2472 postquam

293 2479 523 2576 Praga
586 2475 891 2575 Lipsiam
970 2478 1513 2575 commigrarunt,
1567 2474 2015 2577 ordinemque
2067 2478 2544 2552 constituerunt

295 2580 855 2683 philosophorum,
909 2582 1041 2654 alia
1071 2581 1380 2680 deinceps
1405 2589 1602 2680 atque
1631 2581 1763 2653 alia
1791 2605 2136 2656 accessere
2168 2580 2447 2677 collegia
2474 2586 2544 2653 et

298 2686 865 2783 congregationes,
916 2693 1056 2757 tum
1103 2709 1226 2782 pro
1279 2693 1585 2782 quattuor
1631 2684 1993 2778 nationum,
2044 2685 2116 2756 in
2167 2708 2328 2781 quas
2373 2683 2544 2755 divi·-

300 2817 381 2864 sa
431 2796 573 2861 erat
624 2787 834 2860 omnis
882 2784 1286 2879 Academia,
1356 2787 1586 2884 opibus
1639 2795 1709 2860 et
1769 2787 2018 2859 iuribus
2084 2787 2259 2860 inter
2309 2810 2383 2857 se
2433 2786 2543 2858 di-

299 2915 517 2979 versa,
569 2900 708 2964 tum
758 2890 1029 2965 fundata
1077 2897 1145 2962 et
1196 2892 1553 2963 constituta
1601 2889 1842 2987 partim
1890 2890 2259 2987 principum
2311 2885 2542 2961 Saxo-

300 2999 450 3071 niae
502 2991 983 3088 munificentia,
1036 2993 1273 3092 partim
1322 2994 1720 3093 privatorum
1772 2992 2250 3086 donationibus,
2302 2991 2542 3088 partim

302 3099 586 3175 decretis
634 3098 926 3195 ipsorum
976 3096 1415 3195 professorum
1463 3093 1890 3169 Academiae.
1990 3095 2212 3169 Habet
2250 3094 2545 3167 Vniver-

304 3206 467 3277 sitas
519 3225 713 3298 agros
764 3208 833 3273 et
881 3200 1092 3295 villas,
1147 3200 1403 3294 silvam,
1455 3198 1794 3292 aedificia,
1845 3199 2093 3273 reditus
2108 3252 2136 3293 ,
2190 3197 2540 3296 stipendia,

305 3308 453 3380 iura
501 3313 570 3378 et
615 3304 987 3402 privilegia·
1042 3327 1313 3401 quarum
1360 3327 1581 3375 rerum
1632 3303 1918 3376 omnium
1960 3311 2096 3376 tam
2119 3303 2338 3376 variae
2365 3310 2543 3375 tam-

308 3435 435 3509 que
487 3407 882 3505 multiplices
947 3430 1029 3479 ac
1093 3415 1229 3479 tam
1294 3405 1608 3503 singulari
1683 3406 1876 3480 modo
1947 3407 2120 3479 inter
2180 3431 2266 3479 88
2329 3428 2542 3477 nexae
2650 3412 2670 3428 “

309 3522 376 3587 81
426 3511 858 3610 complicatae
907 3510 1195 3583 rationes
1246 3519 1400 3584 sunt
1412 3562 1439 3603 ,
1505 3534 1618 3583 eas
1670 3518 1745 3584 ut
1806 3510 1921 3583 vix
1984 3508 2364 3605 longissimo
2414 3531 2544 3580 usu

307 3615 542 3715 aliquis
592 3614 851 3712 penitus
904 3637 1330 3710 cognoscere,
1385 3620 1478 3707 et,
1532 3612 1590 3685 si
1643 3612 1797 3710 quid
1848 3612 2106 3685 consilii
2156 3609 2545 3730 capiendum

309 3728 436 3813 est,
488 3726 670 3791 recte
723 3716 1094 3791 discernere
1148 3716 1229 3790 de
1278 3717 1487 3814 iisque
1537 3716 1827 3789 iudicare
1871 3715 2105 3813 possit,
2156 3713 2549 3812 praesertim

310 3846 509 3922 quum
560 3820 728 3894 aliae
778 3819 1218 3894 institutiones
1271 3820 1416 3891 aliis
1470 3819 1960 3914 derogaverint,
2013 3818 2180 3889 aliae
2230 3815 2547 3913 temporis

308 3924 781 4023 longinquitate
831 3922 1301 4015 obsoleverint,
1371 3922 1538 3994 aliae
1583 3922 1951 3995 interierint
2012 3919 2117 3993 vel
2181 3945 2331 3993 cum
2398 3918 2549 3990 31118

255 4023 260 4028 ’
312 4031 445 4102 81111
493 4034 988 4101 commutatae.
1052 4026 1243 4100 Haec
1291 4024 1692 4099 Brandesius
1744 4048 1941 4122 quum
1972 4023 2364 4120 intelligeret
2413 4044 2547 4094 non

313 4132 524 4218 solum
573 4155 707 4204 11811
755 4129 1005 4225 ignota,
1057 4129 1177 4202 sed
1225 4136 1532 4203 accurate
1582 4136 1933 4227 perspecta
1979 4127 2225 4200 rectori
2272 4122 2550 4198 Acade-

315 4236 483 4307 miae
535 4259 680 4307 esse
730 4232 992 4326 debere,
1045 4232 1431 4331 simulatque
1480 4231 1553 4305 id
1602 4255 1835 4303 munus
1886 4231 1973 4302 ad
2024 4253 2173 4302 eum
2221 4227 2545 4327 pervenit,

316 4338 607 4437 quamvis
657 4337 968 4435 pleraque
1016 4335 1314 4430 illorum,
1367 4344 1443 4410 ut
1492 4336 1604 4433 qui
1669 4358 1803 4407 non
1853 4333 1965 4405 diu
2030 4313 2204 4406 inter
2266 4356 2390 4405 nos
2440 4331 2548 4403 vi-

317 4443 550 4536 xisset,
600 4466 732 4516 non
783 4438 1048 4537 cognita
1095 4438 1390 4534 haberet,
1440 4446 1660 4514 tamen
1706 4437 2036 4516 indefesso
2084 4435 2299 4514 studio
2322 4441 2551 4534 atque
