3275 5317
36 4069 41 4258 i

610 484 735 548 DE
777 485 1817 552 INTERPOLATIONIBVS
1862 489 2243 555 HOMERI
2455 491 2545 561 53

303 647 389 723 ad
436 644 810 745 Odysseam
859 647 1239 722 voluminis:
1306 649 1544 746 quique
1613 650 1698 724 de
1759 652 2130 725 inventione
2198 650 2539 749 Odysseae

301 751 599 831 similiter
645 751 1075 844 iudicaverat,
1127 749 1548 847 Aristoteles,
1602 754 1744 826 eius
1797 754 1994 827 verba
2018 756 2537 831 enucleatissime

190 905 193 908 π
300 855 606 928 tractavit
650 854 723 926 in
774 854 1253 949 dissertatione,
1307 879 1502 953 quam
1549 858 1817 955 scripsit
1867 858 1951 930 de
1978 855 2338 932 Aristotele
2368 885 2536 933 con-

297 965 400 1030 tra
445 956 854 1032 Wolfianos.·
894 955 1195 1031 Fuerunt
1244 959 1417 1032 enim
1468 960 1581 1057 qni
1630 984 1720 1033 ex
1767 960 1881 1034 illo
1926 957 2306 1034 Aristotelis
2355 962 2534 1056 loco,

34 1089 35 1130 1
111 1117 123 1128 ,
299 1059 408 1157 qni
456 1067 562 1133 est
610 1061 684 1133 in
734 1085 883 1158 cap.
940 1063 1014 1134 8.
1067 1060 1150 1134 de
1199 1070 1341 1135 arte
1389 1065 1675 1161 poetica,
1725 1063 2168 1137 demonstrare
2210 1089 2536 1144 conarenff·
2677 1145 2680 1150 ⁴

204 1257 206 1259 v
295 1170 424 1255 tur,
474 1163 756 1236 inveniri
793 1162 987 1235 hodie
1037 1164 1353 1261 quaedam
1396 1166 1467 1237 in
1508 1164 1811 1262 Odyssea
1826 1218 1852 1258 ‚
1895 1191 2063 1265 quae
2099 1191 2233 1240 non
2269 1168 2538 1265 legisset

293 1263 714 1340 Aristoteles.
795 1263 892 1340 Et
919 1266 1297 1365 mquidem,
1340 1269 1470 1341 nisi
1491 1268 1712 1363 fallor,
1760 1270 2055 1342 faciliore
2103 1295 2308 1368 opera
2338 1271 2534 1364 etiam

293 1366 630 1442 efficacius
655 1377 1002 1468 potuerant
1023 1371 1316 1443 refutari.
1370 1370 1545 1444 Nam
1564 1397 1760 1470 quum
1783 1373 1879 1444 ita
1903 1373 2221 1472 scriptum
2241 1373 2533 1470 legatur:

288 1470 738 1549 Ὀδύσσειαν
763 1472 912 1575 γὰρ
943 1482 1183 1549 ποιῶν
1225 1474 1365 1549 οὐκ
1406 1474 1749 1571 ἐποίησεν
1791 1475 2091 1551 ἅπαντα
2138 1476 2281 1551 ὅσα
2327 1478 2536 1576 αὐτῷ

293 1576 620 1674 συνέβη,
674 1575 837 1652 οἷον
887 1585 1257 1678 πληγῆναι
1307 1576 1452 1676 μὲν
1516 1584 1596 1655 ἐν
1649 1588 1761 1679 τῷ
1827 1584 2314 1679 Παρνασσῷ,
2380 1611 2529 1676 μα·-

289 1687 515 1775 νῆναι
566 1677 652 1755 δὲ
694 1677 1371 1778 ,προςποιήσασθαι
1437 1686 1520 1758 ἐν
1582 1691 1694 1781 τῷ
1746 1685 2077 1784 ἄγερμῷ,
2136 1676 2247 1759 ὧν
2300 1683 2532 1760 οὐδὲν

289 1783 627 1882 θατέρου
690 1783 1099 1886 γενομένου
1165 1785 1584 1888 ἀναγκαῖον
1661 1782 1761 1882 ἦν
1823 1785 1874 1880 ἢ
1939 1786 2133 1870 εἰκὸς
2195 1784 2533 1888 θάτερον

288 1887 689 1989 γενέσθαι·
741 1886 928 1961 ἀλλὰ
979 1886 1148 1985 περὶ
1170 1887 1359 1986 μίαν
1407 1893 1717 1987 πρᾶξιν,
1773 1892 1943 1964 οἵαν
1996 1890 2340 1993 λέγομεν,
2390 1891 2532 1986 τὴν

142 1989 149 2002 ’
281 1987 728 2069 Ὀδύσσειαν
780 1990 1228 2085 συνέστησεν
1242 2017 1267 2062 τ
1316 2016 1449 2064 non
1496 1992 1986 2090 interpretando
2000 2045 2024 2084 ‚
2076 2000 2154 2065 ut
2200 2018 2323 2090 ego
2376 1997 2528 2093 qui*-

288 2093 432 2167 dem
483 2094 816 2186 existimo,
869 2094 1225 2169 curandum
1276 2103 1420 2168 erat
1467 2104 1542 2169 ut
1591 2103 1750 2193 apta
1815 2095 2108 2193 prodiret
2170 2098 2571 2191 sententia,4

285 2197 402 2271 sed
452 2196 855 2275 emendando
907 2198 1226 2271 removeri
1274 2197 1549 2271 debebat
1596 2199 1848 2290 vitium,
1903 2200 2013 2272 cui
2058 2224 2141 2271 ne
2171 2199 2323 2272 illae
2375 2202 2527 2298 qui-

288 2297 435 2374 dem
484 2300 719 2398 copiae
768 2300 1087 2373 medelam
1138 2299 1402 2392 habent,
1457 2302 1691 2398 quibus
1747 2303 2015 2375 edendis
2065 2327 2274 2400 nuper
2333 2301 2526 2376 Aca-

289 2404 503 2479 demia
565 2403 782 2499 Regia
847 2402 1209 2477 Borussica
1277 2405 1515 2478 eximie
1582 2405 1665 2477 de
1731 2430 1982 2478 summo
2050 2407 2373 2503 scriptore
2423 2415 2526 2480 est

287 2507 542 2581 merita.
645 2505 929 2579 Pravam
980 2507 1151 2579 enim
1202 2508 1560 2582 orationem
1610 2533 1757 2582 esse
1798 2516 2081 2605 arguunt
2127 2508 2272 2606 μὲν
2323 2517 2392 2582 et
2438 2508 2524 2585 δὲ

287 2609 647 2709 particulae
695 2634 818 2708 pro
870 2633 1003 2682 una
1049 2610 1177 2685 καὶ
1227 2610 1441 2684 dictae
1455 2664 1481 2704 ‚
1553 2613 1786 2709 quibus
1852 2613 1951 2686 sic
2017 2612 2273 2685 demum
2339 2622 2523 2687 recte

287 2737 442 2786 usus
512 2719 692 2785 esset
754 2713 1079 2811 scriptor,
1148 2715 1208 2785 si
1268 2723 1491 2813 partes
1545 2739 1714 2813 quae
1761 2717 1934 2788 inter
1983 2740 2055 2788 se
2109 2725 2525 2814 opponuntur

286 2815 531 2913 aliquid
582 2839 922 2889 commune
971 2816 1317 2907 haberent,
1381 2827 1456 2890 ut
1507 2819 1557 2891 ἃ
1612 2819 1891 2916 συνέβη
1956 2817 2102 2917 μὲν
2167 2820 2377 2894 αὐτῶ
2440 2822 2522 2895 ἐν

285 2928 393 3019 τῷ
437 2924 951 3024 ,Παρνασσιῖη
1023 2921 1304 3018 συνέβη
1384 2918 1469 2996 δὲ
1539 2925 1621 2997 ἐν
1686 2930 1797 3019 τῷ
1862 2922 2189 3024 ἇγερμῷ.
2323 2892 2522 2996 Nunc

286 3047 483 3120 quum
532 3024 631 3096 ita
680 3047 811 3096 non
861 3024 1225 3121 scripserit,
1276 3025 1462 3121 ipsae
1514 3024 1749 3121 quibus
1799 3048 1957 3095 usus
2011 3032 2112 3096 est
2159 3024 2523 3122 particulae

288 3127 384 3199 sie
432 3151 588 3200 enm
614 3126 960 3224 scripsisse
984 3135 1384 3200 monstrant:
1439 3127 1580 3203 οὐκ
1631 3125 1974 3222 ἐποίησεν
2024 3128 2327 3203 ἅπαντα
2378 3126 2523 3203 ὅσα
2609 3181 2618 3190 „

289 3231 498 3328 αὐτῷ
550 3230 871 3327 συνέβη,
925 3229 1088 3306 οἷον
1138 3237 1509 3332 πληγῆναι
1558 3226 1704 3328 μὲν
1754 3233 1838 3305 ἐν
1885 3238 1997 3329 τῷ
2049 3235 2521 3329 Παρνασσῷ,

287 3341 621 3431 μανῆναι
670 3330 756 3407 δὲ
807 3328 1460 3430 προςποιήσασθαι
1505 3335 1589 3409 ἐν
1616 3340 1729 3430 τῷ
1761 3333 2069 3435 ἆγερμῷ
2102 3335 2218 3408 οὔ.
2270 3332 2523 3408 Verum

288 3437 409 3510 etsi
455 3436 586 3510 hac
637 3435 1085 3509 emendatione
1134 3435 1510 3532 planissime
1576 3432 1999 3508 confirmatur
2066 3434 2392 3524 Nitzschii
2443 3436 2525 3510 de

287 3537 664 3612 Aristotelis
715 3546 933 3611 mente
983 3538 1332 3631 sententia,
1383 3538 1786 3635 eripitur-que
1834 3538 1919 3609 iis
1970 3563 2134 3635 quos
2164 3538 2523 3637 reprehen-

289 3643 381 3716 dit
425 3642 558 3715 hoe
609 3641 785 3739 quod
834 3665 907 3714 se
955 3641 1280 3713 invenisse
1331 3642 1648 3739 putabant
1695 3642 2216 3739 interpolationis
2289 3666 2520 3714 exem·

287 3746 499 3844 plume
550 3770 687 3818 non
733 3753 953 3817 tamen
999 3744 1251 3817 idcirco
1303 3744 1526 3817 statim
1574 3744 1676 3818 sic
1728 3745 1790 3817 ei
1840 3744 2197 3837 assentiar,
2266 3753 2343 3819 ut
2389 3770 2521 3818 non

291 3850 481 3971 etiam
543 3846 915 3921 Wolfianos
996 3870 1252 3946 quoque
1328 3848 1566 3920 habere
1633 3872 1763 3945 quo
1846 3873 1919 3921 se
1984 3846 2336 3921 defendant
2394 3872 2521 3923 ex-

289 3960 850 4128 mnmell'lerissime
898 4053 1193 4152 profecto
1243 4050 1638 4127 Aristoteles
1690 4060 1757 4127 et
1820 4078 2023 4127 unum
2087 4078 2232 4127 esse
2287 4033 2524 4126 debere

293 4156 556 4249 factum,
608 4156 680 4228 in
728 4158 912 4229 cuius
979 4157 1416 4256 explicatione
1467 4181 1733 4231 carmen
1785 4157 2057 4255 epicum
2121 4163 2518 4249 versaretur,
2635 4240 2642 4246 .
2699 4225 2719 4248 ‚

297 4266 359 4332 et
407 4261 597 4359 quale
661 4258 908 4347 factum
975 4269 1153 4334 esset
1217 4261 1391 4358 quod
1453 4284 1655 4332 unum
1721 4260 1852 4331 dici
1916 4268 2144 4359 posset
2209 4259 2516 4333 ostendit.

297 4358 401 4435 Ad
458 4362 531 4435 id
601 4362 1052 4436 illustrandum
1120 4364 1421 4462 exemplo
1504 4387 1664 4436 usus
1745 4370 1848 4455 est
1913 4363 2249 4462 aptissimo
2265 4416 2293 4456 ,
2369 4362 2523 4460 quia
2599 4382 2607 4389 ’

301 4464 766 4566 apertissimum
818 4466 969 4561 est‚'
1012 4464 1351 4565 Odysseaz
1416 4465 1626 4540 obiter
1694 4464 1914 4564 tetigit
1976 4464 2291 4562 Iliadem,
2358 4456 2528 4540 satis

2711 2572 2822 2682 N
