3275 5317
699 501 830 568 ³1⁰
1591 496 1821 571 QVID
1866 496 2025 561 SIT

705 663 1029 740 eandem
1097 659 1451 734 exactius
1485 659 1854 759 proponi.
1974 657 2263 735 Gouiicit
2310 660 2590 735 hoc·vi1·
2639 659 2953 735 doetissi-

704 793 878 861 mns,
933 766 1050 842 sed
1099 791 1232 839 non
1282 764 1479 837 habet
1529 790 1657 862 quo
1709 763 1924 838 firmet
1974 787 2118 836 eam
2166 764 2636 838 coniecturam.
2739 763 2954 838 Immo

704 872 969 948 minime
1020 868 1373 966 probabilis
1426 875 1552 941 est.
1656 866 1833 940 Nam
1883 875 2192 941 accurate
2260 869 2430 943 solet
2494 869 2563 940 in
2634 868 2956 942 eiusmodi

706 972 1241 1074 inscriptionibus
1292 995 1500 1068 genus
1553 972 1927 1044 certaminis
1980 971 2333 1067 designari,
2387 997 2511 1046 nec
2559 979 2696 1045 tam
2759 971 2954 1069 parci

707 1078 1049 1152 verborum
1099 1076 1310 1167 fuere,
1366 1074 1478 1170 qui
1529 1074 1694 1148 istos
1744 1075 1970 1148 titulos
2021 1074 2373 1168 faciebant,
2426 1083 2502 1148 ut
2552 1075 2728 1174 quod
2768 1074 2954 1172 prius

711 1180 1019 1256 disertius
1072 1178 1418 1270 dixissent,
1472 1177 1786 1276 deinceps
1836 1177 2094 1250 brevius
2143 1179 2534 1252 indicarent.
2642 1178 2871 1270 Quare
2892 1178 2955 1249 si

704 1285 879 1358 idem
932 1290 1107 1357 esset
1156 1276 1664 1365 οἷνταπόὸοσις
1714 1280 2092 1379 ὑποβολῆς
2134 1289 2331 1379 atque
2382 1278 2748 1380 ὑποβολή,
2806 1305 2955 1354 οιιι-

705 1387 895 1460 nibus
946 1386 1112 1460 locis
1165 1392 1280 1457 aut
1328 1383 1709 1483 ὑποβολῆς
1761 1385 2080 1482 scriptum
2129 1384 2563 1458 inveniremus
2617 1393 2733 1458 aut
2762 1383 2955 1459 ὑπο-

705 1493 942 1590 βολῆς
993 1485 1595 1572 ἄνταποὸόσεως.
1704 1487 1898 1580 Quod
1950 1511 2147 1584 quum
2197 1512 2328 1561 non
2381 1489 2468 1561 sit
2516 1488 2791 1581 factum,
2846 1486 2955 1558 di·-
3078 1561 3081 1564 .

704 1617 895 1667 versa
944 1592 1161 1689 potius
1213 1591 1536 1664 nominari
1586 1591 1946 1665 certamina
1995 1590 2494 1663 existimandum
2524 1597 2675 1664 erit.·
2777 1588 2953 1664 Per-

702 1697 801 1793 git
855 1720 1043 1768 vero:
1104 1693 1324 1783 Quod
1369 1693 1445 1765 si
1486 1693 1575 1765 id
1623 1704 1986 1813 tenemus,
2041 1692 2245 1791 quod
2292 1692 2384 1765 de
2436 1694 2778 1792 ὑποβολῇ
2833 1690 2954 1764 di-

703 1797 985 1891 ximus,
1065 1820 1222 1869 esse
1289 1821 1461 1869 eam
1526 1796 2064 1870 recitatwnem
2128 1796 2497 1869 carminis
2561 1796 2768 1897 epici
2827 1806 2953 1867 ta-

706 1902 855 1975 lem
869 1954 896 1996 ,
977 1927 1130 2001 qua
1194 1900 1602 1974 succedens
1685 1900 1991 1998 quisqne
2057 1900 2488 2001 rhapsodus
2554 1899 2959 1972 continuet

697 2005 1073 2109 priorem,
1126 2004 1246 2078 ita
1295 2016 1391 2078 ut
1437 2004 1789 2125 singulae
1827 2014 2125 2100 partes
2144 2014 2538 2076 canantur
2582 2002 2678 2075 ab
2733 2002 2956 2092 aliis,-

708 2108 1207 2183 concedemus
1274 2108 1700 2182 rectas-sime
1781 2107 1949 2179 dici
2005 2107 2354 2208 potuisse
2438 2104 2955 2184 ἀνταπόδοσιν

706 2215 1111 2312 ὑποβολῆς,
1164 2212 1369 2312 quod
1412 2212 1561 2285 hoc
1611 2235 1861 2305 genus
1893 2211 2392 2283 successionis
2421 2222 2739 2284 cantum
2772 2234 2956 2311 qua-

709 2317 788 2390 si
872 2315 1362 2388 mnoebaeum
1449 2315 1886 2410 referebat,
1986 2325 2068 2387 et
2145 2340 2643 2414 unaquaeque
2716 2337 2916 2415 pars
2925 2368 2953 2410 ,

709 2444 905 2519 quae
942 2430 1133 2518 post
1173 2419 1521 2519 primam
1571 2418 2096 2512 recitabatur,
2151 2431 2332 2492 erat
2377 2419 2718 2520 ὑποβολὴ
2771 2421 2955 2497 ἀντ-

710 2515 1083 2606 απόὸοτος
1097 2575 1122 2615 ,
1199 2522 1498 2621 ipseque
1542 2521 1970 2622 rhapsodus
2011 2533 2325 2619 partem
2360 2522 2747 2621 poematis
2774 2522 2959 2595 red·-

709 2625 944 2699 debat
972 2625 1495 2727 praecedenti
1539 2649 1967 2746 congruam
2031 2635 2115 2698 et
2179 2625 2289 2698 sic
2352 2626 2697 2726 ἠιιείβετο
2765 2626 2958 2704 ὑπο·-

706 2728 1026 2831 βλήδην.
1129 2728 1210 2804 Ιιι
1259 2730 1361 2803 his
1415 2755 1612 2829 quum
1676 2730 1820 2827 ipse
1874 2729 2115 2802 diserte
2176 2755 2307 2804 non
2360 2730 2605 2804 dictum
2672 2756 2821 2804 esse
2868 2731 2957 2803 il·-

709 2836 825 2910 lud
875 2858 1082 2932 genus
1147 2832 1578 2933 ὑποβολήν,
1648 2833 1766 2905 sed
1817 2832 2111 2930 potuisse
2175 2833 2307 2907 dici
2375 2834 2703 2927 declaret,
2757 2859 2845 2907 ne
2895 2833 2957 2908 ei

714 2939 969 3036 quidem
987 2989 1012 3032 ,
1097 2937 1208 3036 qui
1261 2938 1580 3011 concedat
1629 2936 1922 3035 potuisse
1940 2988 1967 3030 ,
2020 2936 2438 3035 persuadebit
2488 2961 2633 3010 esse
2684 2937 2958 3013 dictum.

710 3041 856 3116 Nos
907 3066 1061 3115 vero
1113 3066 1245 3114 non
1297 3041 1716 3114 concedimus
1766 3039 2100 3137 potuisse,
2152 3064 2284 3113 non
2335 3040 2546 3113 solum
2615 3042 2771 3139 quia
2833 3066 2958 3114 ne·

711 3170 945 3242 gamus
997 3144 1388 3242 ὑποβολὴν
1444 3168 1591 3217 esse
1645 3143 2173 3217 coniunctionem
2224 3144 2622 3237 carminum,
2676 3145 2796 3218 sed
2850 3152 2975 3218 ct·‘

652 3244 658 3249 ’
709 3251 868 3340 iam,
921 3254 996 3319 ut
1044 3270 1245 3343 supra
1294 3247 1541 3319 dictum
1594 3255 1720 3339 est,
1774 3248 1951 3344 quia,
2006 3247 2065 3319 si
2113 3247 2183 3319 id
2235 3245 2634 3344 significaret
2679 3248 2812 3321 boc
2834 3270 2959 3321 vo·

712 3350 1017 3424 cabulum
1032 3401 1058 3442 ,
1121 3349 1424 3423 recitatio
1489 3351 1709 3447 potius
1722 3401 1748 3442 ,
1809 3374 2028 3471 ‘quam
2089 3351 2514 3425 recitatorum
2599 3351 2959 3424 carminum
2992 3349 3011 3378 ’

711 3453 1086 3528 coniunctio
1141 3460 1209 3525 et
1259 3453 1587 3552 copulatio
1652 3454 1974 3527 nominari
2041 3453 2336 3527 debebat.
2470 3453 2644 3546 Quid
2712 3462 2956 3548 autem,
3014 3537 3017 3540 ,

712 3557 772 3630 si
832 3558 890 3630 is
968 3556 1307 3649 vincebat,
1389 3556 1500 3654 qui
1548 3557 1831 3655 primum
1899 3581 2162 3630 carmen
2226 3558 2656 3632 recitaverat.
2639 3550 2676 3610 Ρ
2778 3555 2960 3630 Num

713 3659 823 3733 hie
875 3684 1129 3758 quoque
1183 3659 1561 3757 ὑποβολῆς
1614 3656 2193 3745 ανταποὸόσεως
2242 3661 2453 3733 victor
2503 3660 2636 3734 dici
2683 3655 2960 3759 potuit?

713 3761 1061 3837 Sentiebat
1109 3762 1528 3856 Boeckbius,
1584 3788 1779 3862 quam
1828 3764 1899 3836 id
1948 3789 2081 3836 non
2132 3773 2355 3863 aptum
2407 3771 2604 3836 esset.
2723 3763 2959 3864 Itaque

712 3867 997 3941 addidit:
1047 3865 1159 3939 At
1190 3865 1460 3967 prima
1514 3878 1773 3940 tamen
1837 3867 2180 3966 ὑποβολὴ
2250 3866 2402 3939 sive
2453 3864 2709 3966 primi
2766 3865 2962 3939 rha-

699 3969 940 4072 psodi
1006 3969 1369 4043 recitatio
1448 3970 1561 4042 sic
1637 3996 1797 4045 non
1872 3982 2055 4043 erat
2125 3968 2664 4055 ἄνταπόὸοτος.
2804 3968 2966 4042 Sed

710 4074 883 4176 quis
930 4100 1088 4150 non
1141 4073 1553 4168 concedat,
1606 4086 1703 4147 ut
1750 4100 1803 4148 a
1835 4074 2151 4177 potiori
2184 4076 2360 4165 fiat
2407 4073 2958 4163 denominatio,

711 4178 1339 4278 quemadmodum
1386 4177 1560 4277 apsa
1608 4178 2033 4278 rhapsodia
2082 4190 2205 4251 est
2261 4178 2600 4278 ὑποβολὴ
2652 4187 2959 4268 vocata,

710 4281 900 4355 licet
935 4283 1235 4383 primus
1284 4282 1714 4384 rhapsodus
1763 4307 1921 4355 non
1972 4283 2425 4356 successerit
2443 4282 2632 4355 ulli?
2683 4283 2959 4373 Quam-

713 4411 941 4484 quam
990 4410 1116 4460 res
1151 4386 1429 4489 potuit
1473 4387 1592 4459 ita
1644 4386 1975 4481 institui,
2029 4397 2126 4459 ut
2172 4386 2469 4508 singuli
2526 4385 2640 4459 bis
2675 4385 2957 4489 prodi-

710 4501 939 4579 rent,
987 4490 1107 4564 aa
1153 4501 1251 4564 ut
1294 4490 1459 4595 ipse
1510 4491 1747 4564 ettam
1780 4491 2090 4593 primus
2138 4490 2524 4566 recitaret
2567 4490 2954 4593 ὑποβολὴν
