3275 5317
692 448 810 510 EX
851 441 1375 509 SCHILLERI
1415 442 2598 520 WALLENSTE1N10.359

566 610 795 711 δορὸς
843 607 1287 743 κρατηθέντ’
1341 606 1560 698 εἶκός,
1613 608 1970 720 ἐνδοῦναι
2021 610 2374 712 στρατόν.

566 715 611 793 ὃ
665 714 747 791 δ’
804 708 930 810 αὖ,
984 711 1199 814 λόφῳ
1248 712 1398 817 γὰρ
1450 713 1581 789 καὶ
1627 707 2497 916 μακροῖσιβοστρύχοις

564 814 664 915 ἦν
711 816 1029 922 γνωτὸς,
1084 821 1513 895 ἐκλυθεῖσιν
1563 818 1842 917 ἱππικῷ
1894 817 1947 895 δ
1948 848 1993 919 ρ
2036 847 2162 920 φ
2161 873 2188 909 ,

562 927 720 1006 τοῖς
772 920 923 998 οἶσι
973 915 1272 1010 νεύσας,
1324 927 1623 1020 πρῶτος
1677 920 1905 1007 αὐτὸς
1939 922 2271 1018 εὐθέως,

561 1030 920 1155 γενναῖον
966 1027 1200 1101 ἵππου
1254 1025 1441 1121 σῶμ’
1493 1025 1957 1156 ἐπισπέρξας,
2008 1022 2312 1126 τάφρον

564 1127 617 1205 δ
617 1125 909 1225 ιηλαθ
962 1130 1036 1203 οἳ
1085 1125 1166 1203 δ’
1221 1130 1517 1206 εἵποντο
1572 1124 2002 1227 σύμπαντες
2056 1127 2327 1227 σύδην.

560 1232 691 1307 καὶ
741 1230 905 1328 δὴ’
907 1231 1285 1331 πέπρακτο
1336 1232 1706 1335 τοῦργον·
1762 1237 1937 1309 εἴσω
1986 1231 2137 1337 γάρ
2189 1233 2445 1320 τυπεὶς

563 1335 906 1435 στέρνων
950 1334 990 1411 ὅ
1043 1333 1373 1434 τάνδρὸς
1421 1337 1645 1421 ἵππος
1676 1331 2003 1437 ἀμφήκει
2049 1335 2247 1468 δορί,

561 1437 794 1525 αὐτός
841 1436 987 1570 μὲν
1035 1437 1279 1571 ’ὀρθὸς
1326 1441 1654 1533 ι’σταται,
1710 1447 1985 1571 φυσῶν
2034 1441 2285 1539 μένος,

558 1543 699 1619 τὸν
751 1537 1112 1641 ἀμβάτην
1161 1539 1247 1618 δὲ
1298 1538 1543 1638 τήλοσ’
1598 1539 2106 1639 ἐξηκόντισεν·

558 1645 770 1746 ὑψοῦ
823 1645 903 1722 δ’
957 1643 1145 1744 ὑπὲρ
1197 1642 1560 1732 πεσόντος
1608 1649 1908 1726 ἵππειον
1961 1647 2237 1734 σθένος

559 1749 763 1850 πηδᾷ
778 1802 806 1844 ,
849 1757 1191 1847 χαλινῶν
1240 1750 1488 1825 οὐκέτι
1535 1749 1812 1847 μνείαν
1863 1752 2056 1847 ἔχον.

1212 1925 1724 2001 ΝΕΟΡΡΟΗ.

558 2061 900 2156 ὤνασσα,
950 2058 1066 2146 τίς
1120 2084 1202 2137 σε
1251 2065 1438 2164 γυῖα
1490 2054 1870 2160 λαμβάνει
1917 2057 2198 2163 τρόμος
2210 2092 2238 2153 ‚-

1207 2236 1758 2313 AOXAPOZ.

545 2377 829 2474 χωρεῖν
880 2372 1220 2472 ἄμεινον,
1271 2370 1472 2478 μηδέ
1517 2372 1595 2449 σ’
1652 2365 2008 2475 ἀλγύνειν
2056 2373 2305 2452 πλέον.

1024 2650 1028 2656 ,
1289 2547 1657 2622 οΕΙΜΑ.

553 2683 658 2780 μὴ
711 2680 897 2778 δῆτ’.
952 2681 1311 2781 ἀνέξομαι
1359 2679 1555 2786 γάρ·
1610 2681 1783 2758 ὥστ’
1840 2682 2047 2760 αὔδα
2095 2684 2183 2761 τὸ
2236 2693 2418 2763 πᾶν.

1205 2857 1751 2934 ΛΟΧΑΓΟΣ.

552 2991 820 3078 κείνοις
869 2990 1015 3093 μεν
1066 2988 1211 3072 οὗν
1276 2989 1606 3072 πεσόντα
1656 2991 1798 3070 τὸν
1850 2981 2343 3094 σημάντορα

553 3097 856 3174 ἰδοῦσιν
907 3102 1213 3229 οίστρου
1265 3096 1527 3175 δεινὸν
1576 3094 1920 3196 ἐμπίπτει
1966 3098 2219 3197 μένος,

552 3199 947 3333 σωτηρίας
976 3198 1061 3277 δέ
1114 3209 1497 3286 παντελῶς
1550 3197 1981 3299 ἀμνήμονες

551 3302 773 3400 δίκην
828 3300 1154 3384 λεόντων
1205 3301 1565 3406 δύςφρον’
1621 3306 1949 3401 ε’στησὰν
1995 3301 2272 3404 μάχην.

549 3407 760 3507 ἡμεῖς
803 3407 885 3484 δ’
939 3408 1065 3484 ‘vn'
1120 3409 1356 3513 ὀργῆς
1400 3407 1532 3486 διὰ
1582 3408 1671 3485 τὸ
1725 3406 2166 3508 πάντολμον
2216 3406 2513 3509 θράσος

553 3509 977 3611 φονεύομέν
1029 3536 1254 3613 σφας,
1311 3512 1511 3588 οὐδέ
1539 3540 1725 3614 πριν
1778 3521 2072 3616 σφαγῆς
2120 3513 2325 3597 τέλος

554 3612 964 3718 ἐθήκαμεν,
1017 3616 1205 3718 πρὶν
1253 3615 1384 3692 καὶ
1432 3615 1573 3695 τὸν
1621 3616 1957 3696 ὕστατον
2006 3622 2284 3695 πεσεῖν

1290 3792 1659 3866 ΘΕΚΛΑ.

554 3924 682 4001 καὶ
732 3927 1160 4005 ποῦ-’σθ”ὅ
1203 3923 1506 4030 νεκρός,·
1554 3935 1783 4005 τοῦτο
1812 3923 2260 4030 προσχρῄζω
2282 3931 2589 4028 μαθεῖν.

1204 4104 1743 4180 ΛΟΧΑΓΟΣ.

559 4241 751 4337 ἑῷον
798 4238 1068 4328 αὐτὸν,
1120 4241 1469 4374 παρθέν’,
1524 4241 2038 4342 ἐξηνέγκαμεν.

561 4340 832 4419 στόλου
883 4351 1259 4444 κατῆρχον
1308 4341 1574 4422 δώδεκ’
1628 4346 1876 4442 ᾔθεοι,
1930 4354 2257 4447 στρατοῦ

555 4447 717 4522 κατ’
773 4445 1145 4551 εὐγενείας
1196 4446 1458 4561 ἀξίωμ’
1515 4448 1897 4553 ἐξαίρετοι,
