3275 5317
712 460 838 530 132
1303 460 1427 523 DE
1468 457 1751 523 PAVLI
1791 458 2341 522 EPISTOLAE
2413 472 2420 480 ·

714 649 862 721 gem
910 621 1124 696 Mosis
1191 622 1530 696 dumtaxat
1593 621 1855 694 interim
1917 621 2200 695 valuisse
2218 674 2244 715 ,
2311 646 2517 720 usque
2580 620 2734 693 dum
2797 631 2941 697 rata

619 725 947 800 l4fierent
994 727 1318 824 promissa
1364 722 1697 797 Abraamo
1750 724 1939 797 data:
1993 725 2414 823 consequitur
2450 725 2580 796 iam
2601 724 2816 821 legem
2852 726 2943 797 il-

710 831 843 902 lam
870 854 990 927 pro
1044 829 1354 924 abrogata
1404 852 1548 900 esse
1599 827 1983 899 habendam.
2051 825 2427 924 Abrogatur
2452 835 2667 930 autem
2695 828 2810 901 lex
2835 853 2940 922 eo,

712 933 887 1031 quod
949 932 1124 1003 aliud
1185 930 1603 1003 constituitur
1667 955 1836 1002 nova
1899 931 2069 1026 lege.
2191 928 2379 1027 Ergo
2441 939 2690 1027 pugnat
2755 939 2942 1005 vetus

709 1037 825 1108 lex
876 1060 1025 1108 cum
1073 1058 1264 1106 nova.
1369 1031 1512 1106 Sed
1564 1057 1729 1130 quae
1798 1033 1883 1104 ad
1931 1033 2101 1107 hanc
2168 1034 2597 1107 obiectionem
2663 1059 2945 1132 respon-

712 1123 824 1211 ‹le‘t
888 1136 1135 1209 Paulus
1157 1188 1182 1230 ,
1247 1136 1433 1208 valde
1500 1136 1819 1235 perplexa
1884 1144 2060 1209 sunt.
2178 1136 2393 1209 Recte
2459 1145 2654 1235 atque
2719 1138 2946 1210 ordine

714 1242 1102 1339 disputaret,
1153 1239 1212 1311 si
1262 1239 1585 1312 distinctis
1638 1263 1805 1336 quae
1867 1239 2041 1311 inter
2105 1263 2178 1312 se
2243 1239 2499 1312 diversa
2564 1248 2717 1313 sunt
2778 1240 2946 1337 legis

712 1343 1083 1443 praeceptis
1132 1344 1229 1415 ita
1279 1343 1564 1415 diceret:
1621 1367 1754 1414 non
1802 1350 2123 1439 repugnat
2170 1342 2284 1415 lex
2332 1342 2547 1416 Mosis
2596 1343 2723 1435 iis,
2774 1367 2946 1441 quae

712 1444 901 1519 Iesus
955 1446 1202 1536 docuit,
1254 1445 1324 1515 in
1375 1446 1459 1517 iis
1511 1446 1733 1537 rebus,
1787 1469 1953 1541 quae
2005 1446 2090 1517 ad
2141 1445 2311 1517 vitae
2363 1453 2431 1517 et
2481 1470 2733 1518 morum
2782 1470 2948 1544 pro-

595 1553 608 1561 ’
711 1550 981 1621 bitatem
1026 1548 1397 1645 pertinent,
1450 1555 1770 1646 repugnat
1818 1548 1888 1617 in
1937 1548 2045 1640 iis,
2101 1571 2268 1645 quae
2318 1548 2403 1619 ad
2450 1549 2615 1621 ritus
2631 1600 2658 1641 ,
2710 1573 2949 1642 caere-

714 1652 966 1723 monias
979 1702 1004 1741 ,
1075 1651 1329 1746 aliaque
1385 1651 1558 1728 ,nibil
1623 1650 1708 1722 ad
1776 1651 2075 1724 virtutem
2137 1650 2540 1723 conferentia
2604 1660 2910 1748 spectant
2923 1676 2946 1723 ε

715 1778 881 1852 quae
934 1753 1289 1826 constituta
1339 1761 1513 1846 sunt,
1567 1761 1643 1825 ut
1690 1754 1942 1825 interea
1994 1761 2172 1827 metu
2222 1778 2695 1847 coerceremur,
2750 1762 2949 1852 atque
3063 1773 3071 1780 ·

710 1859 807 1930 ita
857 1857 1043 1952 quasi
1093 1856 1522 1929 educarentur
1571 1857 1657 1928 ad
1705 1857 2147 1953 recipiendam
2199 1880 2363 1955 quae
2392 1881 2567 1929 nunc
2616 1857 2953 1954 patefacta

713 1967 818 2033 est'
861 1958 1080 2032 fidem.
1181 1957 1324 2032 Sed
1373 1960 1713 2058 quominus
1763 1961 1861 2032 ita
1924 1960 2384 2055 distingueret,
2439 1968 2507 2032 et
2553 1958 2952 2033 Iudaeorum

712 2063 1049 2160 opiniones
1118 2070 1183 2134 et
1247 2063 1452 2160 ipsius
1519 2063 1764 2160 placita
1826 2061 2285 2159 impediebant.
2403 2060 2602 2160 Apud
2665 2061 2951 2136 Iudaeos

713 2166 875 2236 nihil
917 2165 1313 2262 profecisset
1361 2167 1492 2237 ista
1518 2165 1967 2238 distinctionez
2024 2165 2469 2238 confudissent
2492 2165 2664 2237 enim
2689 2173 2952 2238 utrum-

715 2293 840 2366 que
891 2276 1391 2365 praeceptorum
1441 2293 1672 2366 genus,
1728 2275 1819 2359 et,
1873 2268 1932 2338 si
1979 2268 2051 2340 in
2100 2276 2289 2366 parte
2352 2268 2516 2364 legis
2584 2276 2955 2342 sustentata

715 2379 890 2443 esset
954 2370 1167 2442 Mosis
1209 2372 1589 2456 ,auctoritas
1610 2423 1635 2463 ,
1717 2370 1900 2441 nefas
1966 2371 2308 2444 duxissent
2369 2395 2515 2443 eam
2591 2372 2662 2443 in
2739 2372 2983 2452 altera·

712 2482 899 2570 parte
950 2472 1300 2568 negligere.
1416 2472 1575 2544 Ideo
1625 2471 1874 2578 Paulqs
1925 2471 2016 2546 V.
2074 2477 2146 2546 3.
2199 2473 2398 2547 dicitt
2463 2470 2953 2574 μαρτύρομαι

716 2574 801 2651 δὲ
854 2572 1081 2650 πάλιν
1131 2574 1361 2651 παντὶ
1425 2570 1821 2674 ἀνθρώπῳ
1885 2578 2488 2676 περιτεμνομένῳ
2555 2578 2672 2653 ὅτι
2737 2579 2959 2677 ὀφει-,

716 2680 920 2774 λέτης
973 2677 1175 2758 ἐστὶν
1226 2679 1404 2755 ὅλον
1454 2679 1592 2755 τὸν
1645 2675 1887 2777 νόμον
1938 2689 2262 2774 ποιῆσαι.
2315 2680 2472 2779 Ipse
2500 2689 2717 2753 autem
2750 2678 2951 2779 Apo-

715 2783 948 2874 stolus,
1003 2783 1114 2879 qui
1162 2783 1401 2880 ubique
1465 2780 1661 2855 fidem
1712 2783 1982 2879 opponit
2043 2783 2214 2881 legi,
2282 2784 2446 2880 legis
2514 2805 2660 2862 eam
2724 2784 2953 2858 habuit

714 2886 1067 2978 notionem,
1120 2893 1197 2957 ut
1246 2886 1424 2958 facta
1471 2886 1602 2982 legi
1660 2894 1926 2983 propter
1975 2895 2217 2959 metum
2283 2887 2386 2958 vel
2451 2911 2718 2960 caecam
2785 2888 2952 2962 obe-

715 2990 1025 3062 dientiam
1105 2998 1542 3068 consentanea
1619 2989 2050 3084 intelligeret,
2106 2991 2293 3087 quod
2358 2998 2590 3070 contra
2651 2988 2816 3063 fides
2879 2991 2952 3062 in

714 3093 914 3177 animi
978 3091 1073 3190 pii
1134 3094 1308 3165 iusta
1384 3092 1715 3166 voluntate
1782 3101 2179 3192 cerneretur.
2316 3091 2673 3166 Praeterea
2718 3094 2968 3191 legem¹

714 3195 955 3286 MosiS,
1010 3219 1175 3290 quae
1243 3203 1310 3267 et
1375 3195 1590 3266 divina
1656 3220 1801 3266 esse
1867 3195 2280 3288 crederetur,
2351 3204 2419 3268 et
2484 3220 2801 3268 summam
2868 3197 2951 3270 ab

703 3296 917 3393 xlonga
967 3296 1432 3369 consuetudine
1486 3297 1898 3370 sanctitatem
1947 3298 2251 3392 haberet,
2304 3299 2401 3371 ita
2465 3299 2786 3372 sentiebat
2834 3325 2951 3373 re-

717 3399 1101 3473 movendam
1166 3424 1350 3492 esse,
1419 3408 1495 3472 ut
1511 3452 1536 3491 ,
1605 3400 1731 3473 etsi
1792 3399 2170 3497 abrogatam
2235 3401 2531 3496 volebat,
2599 3411 2818 3476 tamen
2887 3405 2950 3476 ei

717 3528 908 3575 suum
958 3503 1240 3600 pretium
1291 3527 1537 3600 suaque
1588 3503 1868 3599 dignitas
1918 3504 2411 3601 relinqueretur.
2529 3504 2762 3603 Itaque
2828 3530 2950 3580 sua

715 3606 882 3678 haec
934 3614 1197 3679 secutus
1249 3606 1519 3703 placita,
1575 3630 1774 3703 quum
1823 3606 2119 3679 refellere
2188 3609 2480 3681 studeret
2539 3609 2702 3681 illud
2773 3610 2952 3707 quod

716 3708 859 3805 ipse
912 3708 1038 3779 sibi
1090 3709 1442 3800 obiecerat,
1494 3710 1655 3781 fecit
1718 3709 1789 3780 id
1839 3709 2134 3806 quidem,
2201 3711 2317 3785 sed
2382 3712 2653 3785 confuso
2722 3713 2950 3796 ordine

716 3812 1208 3885 sententiarum.
1328 3808 1453 3885 Sic
1520 3812 1692 3884 enim
1759 3811 2033 3885 debebat
2095 3815 2314 3887 dicere
2334 3840 2357 3885 ε
2434 3840 2566 3888 non
2626 3827 2952 3913 repugnat

703 3914 830 3988 lex
877 3915 1240 4014 promissiS,
1295 3915 1413 3987 sed
1462 3915 1616 3987 data
1666 3924 1769 3988 est
1832 3916 2152 3989 educandi
2215 3925 2509 3990 nostrum
2560 3942 2820 4011 caussa,
2875 3928 2950 3992 ut
3032 3987 3039 3990 .

712 4028 1059 4117 postquam
1125 4018 1386 4091 educati
1465 4042 1753 4090 essemus
1768 4070 1795 4111 ,
1863 4042 2088 4092 carere
2152 4045 2495 4117 possemus
2559 4022 2948 4095 educatore:

713 4145 866 4193 nam
914 4122 1080 4219 legis
1130 4122 1229 4194 vis
1255 4179 1258 4182 ,
1280 4121 1489 4193 omnis
1539 4121 1610 4192 in
1663 4146 1740 4193 eo
1795 4130 1959 4213 erat,
2014 4130 2088 4194 ut
2135 4122 2331 4195 factis
2382 4148 2465 4196 ne
2529 4134 2946 4222 peccaretur,

640 4249 847 4296 ·.non
894 4235 969 4297 ut
1018 4225 1315 4299 voluntas
1367 4232 1543 4297 esset
1602 4224 1778 4296 iusta
1793 4249 1819 4296 τ
1882 4248 2074 4321 quam
2140 4226 2537 4299 voluntatem
2601 4236 2948 4327 postquam

681 4350 837 4426 ‚per
858 4325 1077 4418 *fidem
1127 4353 1350 4402 sumus
1402 4327 1765 4419 consecuti,
1816 4336 1998 4400 recte
2048 4329 2411 4402 carebimus
2473 4330 2618 4425 lege
2633 4382 2660 4423 ,
2710 4339 2785 4404 ut
2834 4332 2948 4432 qui

714 4429 909 4502 etiam
974 4430 1118 4504 sine
1193 4456 1274 4507 ea
1338 4433 1499 4509 satis
1564 4431 1970 4514 incitamenti
2036 4432 2122 4510 ad
2195 4432 2498 4506 virtatem
2567 4433 2943 4507 habeamus‘
