3275 5317
1045 508 1120 573 e.
1165 499 1243 573 n.
1286 463 1812 567 BRANnEsn
2435 498 2567 572 320

332 671 634 744 volumen
682 668 1102 769 epistolarum
1152 669 1732 742 astronomicarum
1775 666 2092 766 perfecit,
2162 675 2565 766 occupatus-—

336 798 462 871 que
510 773 637 845 fuit
687 780 1085 846 cometarum
1136 773 1455 846 tractibus
1508 778 1576 845 et
1638 778 2096 869 tempestatum
2162 771 2565 844 vicissitudi-

331 876 523 948 nibus
575 876 1016 974 explorandis.
1120 872 1233 947 Ad
1279 876 1450 948 hanc
1499 882 1963 1011 tempestatum
1983 874 2564 948 considerationem
2620 895 2631 904 ·

336 1003 486 1053 eum
538 980 942 1052 excitaverat
991 979 1207 1052 soceri
1255 978 1493 1050 Krusii
1544 968 1963 1073 diligentia¹
1889 1029 1914 1070 ,
1983 978 2116 1098 qui·
2161 1002 2396 1073 magno
2459 978 2569 1049 la·-

333 1081 495 1155 bore
548 1106 634 1155 ex
682 1082 930 1179 ingenti
968 1079 1174 1180 copia
1222 1106 1473 1174 eorum,
1497 1103 1693 1180 quae
1756 1080 2028 1153 diversis
2094 1082 2166 1152 in
2227 1081 2395 1153 locis
2446 1076 2570 1186 ob-

221 1211 224 1214 ·
335 1192 595 1258 servata
647 1193 888 1278 essent,
940 1185 1106 1258 certi
1173 1184 1326 1281 quid
1392 1208 1620 1256 eruere
1676 1191 1817 1256 erat
1881 1190 2192 1256 conatus·
2259 1208 2571 1281 accesse-

333 1296 610 1385 rautque
658 1287 956 1359 Haberlii
1007 1296 1075 1360 et
1120 1286 1418 1361 Ditmari
1430 1310 1599 1360 vana
1625 1287 1900 1378 somnia,
1957 1286 2069 1384 qni
2100 1294 2344 1359 temere
2369 1310 2571 1384 prae-

336 1391 644 1464 dicendis
696 1397 1157 1488 tempestatum
1223 1390 1688 1463 mutationibus
1758 1413 2009 1461 omnem
2075 1388 2253 1460 illam
2319 1390 2570 1462 doctri-

334 1518 489 1566 nam
538 1494 702 1565 risui
765 1501 833 1566 et
901 1493 1257 1566 contemtui
1322 1500 1785 1591 exposuerant.
1904 1491 2306 1563 Brandesius
2370 1493 2573 1588 igitur

333 1597 732 1669 trecentenis
781 1596 1063 1668 millibus
1115 1597 1636 1669 observationum
1700 1595 1771 1667 in
1838 1593 2289 1667 diversissimis
2354 1604 2574 1674 terra-

332 1724 481 1772 rum
533 1700 667 1772 oris
719 1700 1042 1772 factarum
1092 1699 1178 1772 ad
1229 1700 1777 1796 computationem
1841 1698 2017 1770 illius
2076 1699 2178 1771 rei
2242 1698 2570 1793 adhibitis,

333 1804 463 1876 etsi
512 1826 646 1875 non
678 1802 841 1874 illud
892 1811 993 1875 est
1042 1811 1456 1900 assequutus,
1511 1810 1585 1875 ut
1634 1802 1953 1899 praesciri
2003 1809 2366 1905 tempestas
2406 1826 2576 1899 pos-

331 1913 463 1997 set,
514 1912 733 1978 tamen
784 1905 1068 1978 ostendit
1118 1930 1306 2003 quae
1332 1904 1663 1977 naturales
1731 1928 2005 1977 caussae
2073 1896 2453 2002 quibusdam
2502 1906 2575 1977 ἰιι

332 2009 709 2105 regionibus
757 2016 1061 2105 regerent
1103 2010 1282 2081 vices
1315 2015 1381 2082 et
1407 2008 1799 2080 variationes
1861 2015 2362 2104 temperaturae.
2465 2005 2575 2080 Ita

240 2201 250 2216 ἱ
334 2136 535 2209 quum
587 2111 880 2184 docendo
945 2112 1417 2209 scribendoque
1478 2111 1842 2183 litterarum
1906 2110 2138 2182 studiis
2203 2111 2569 2207 prodesset,

333 2215 619 2287 accessit
701 2215 940 2299 salario
1007 2215 1149 2287 eius
1214 2216 1685 2287 incrementum
1755 2211 1935 2286 CCC
1999 2210 2572 2306 Ioachimicorum,

268 2359 275 2365 ·
331 2317 571 2415 partim
638 2318 813 2415 quod
876 2318 1153 2413 collegio
1218 2318 1589 2415 adscriptus
1655 2325 1871 2416 esset,
1940 2340 1981 2387 a
2048 2342 2176 2414 quo
2245 2316 2574 2390 candidati

334 2421 814 2514 examinantur,
866 2421 1106 2518 partim
1154 2429 1425 2518 propter
1470 2419 1945 2494 institutionem
1992 2420 2435 2493 studiosorum
2472 2420 2574 2492 rei

335 2524 731 2616 metallicae,
786 2548 950 2621 quos
999 2522 1579 2597 Vratislaviensem
1627 2520 2056 2596 Academiam
2125 2521 2304 2596 adire
2371 2547 2576 2620 opor-

332 2634 527 2700 teret.
631 2624 972 2723 optabant
1021 2651 1170 2699 eum
1220 2628 1306 2699 ad
1370 2652 1443 2699 se
1507 2627 1869 2723 perducere
1930 2625 2407 2704 Vniversitates
2444 2627 2583 2700 ·lit-·.

333 2737 622 2803 terarum
670 2726 966 2801 lenensis
1020 2737 1087 2802 et
1138 2725 1770 2826 Gryphiswaldensis
1781 2780 1807 2820 ,
1875 2726 1991 2800 sed
2058 2754 2255 2826 quum
2306 2730 2576 2801 uberio-

333 2856 442 2905 res
492 2832 742 2906 reditus
791 2831 1325 2904 Vratislaviensis
1375 2829 1738 2903 Academia
1780 2815 2147 2928 praeberet,
2200 2831 2318 2903 has
2370 2856 2575 2904 voca-
2611 2894 2615 2899 .

323 2936 547 3014 ‚tiones
616 2935 984 3008 declinavit.
1117 2932 1564 3032 Amplioribus
1646 2958 1804 3007 vero
1890 2933 2429 3048 promissionibus
2508 2959 2572 3006 a.

334 3035 942 3111 MDCCCXVIII.
1012 3038 1093 3110 ab
1171 3035 1537 3116 Academia
1603 3035 2047 3134 Dorpatensi,
2108 3037 2575 3121 intercedente

301 3142 478 3215 cius
528 3139 991 3213 Vniversitatis
1042 3143 1411 3238 professore
1462 3138 1759 3232 Struvio,
1812 3139 2145 3233 invitatus,
2202 3165 2396 3237 quum
2448 3163 2575 3211 au-

337 3252 446 3318 cto
497 3242 851 3317 liberorum
898 3268 1169 3317 numero
1222 3245 1502 3317 maiores
1532 3250 1851 3339 sumptus,
1903 3267 2095 3340 quam
2128 3244 2359 3341 quibus
2389 3242 2576 3316 Vra-

335 3347 708 3422 tislaviense
758 3372 992 3419 munus
1043 3346 1413 3440 sufficeret,
1465 3347 1685 3419 facere
1754 3354 2134 3442 cogeretur,
2201 3345 2574 3444 Dorpatum

335 3451 691 3524 transferre
742 3450 1138 3537 domicilium
1184 3451 1254 3522 in
1307 3451 1520 3522 animo
1574 3448 1885 3522 habebat:
1955 3450 2073 3521 sed
2119 3457 2458 3547 protracta
2505 3452 2576 3521 in

321 3554 668 3651 sequentis
718 3554 871 3625 anni
919 3553 1173 3626 initium
1225 3554 1701 3650 negotiatione,
1775 3576 1971 3650 quum
2037 3552 2246 3648 Regis
2313 3551 2576 3624 Borus-

338 3682 561 3730 sorum
609 3657 966 3730 liberalitas
1019 3658 1081 3728 ei
1146 3666 1213 3730 et
1264 3658 1575 3731 conclave
1638 3657 1710 3727 in
1777 3656 2046 3753 specula
2111 3654 2573 3749 astronomica,

339 3769 407 3833 et
473 3759 687 3832 denuo
752 3785 987 3831 munus
1057 3758 1238 3834 CCC
1301 3759 1843 3837 Ioachimicorum
1862 3811 1888 3851 ,
1971 3783 2052 3831 ac
2119 3758 2343 3855 paullo
2423 3767 2578 3855 post
2649 3802 2658 3812 ·

338 3863 835 3960 quingentorum
901 3864 1347 3936 accessionem
1415 3887 1697 3935 annuam
1759 3862 1849 3933 ad
1914 3862 2223 3933 salarium
2290 3885 2573 3934 conces-

339 3968 562 4059 sisset,
627 3966 867 4040 mansit
933 3940 1371 4039 Vratislavlae
1386 4018 1412 4058 ,
1478 3965 1935 4061 indefessoque
1997 3965 2220 4037 labore
2285 3964 2576 4061 perrexit

338 4069 558 4147 studia
607 4093 729 4146 sua
792 4093 991 4166 quum
1057 4070 1308 4142 muneri
1372 4067 1773 4142 Academico
1836 4076 1976 4141 tum
2025 4068 2256 4139 libris‘
2277 4067 2579 4146 scriben-

339 4173 440 4246 dis
489 4172 887 4270 impendere.

545 4273 953 4348 Accedimus
998 4274 1082 4347 ad
1133 4275 1273 4347 eius
1324 4273 1637 4372 temporis
1690 4255 2391 4366 commemorationem,
2445 4297 2574 4371 quo

344 4379 531 4453 nobis
584 4379 884 4475 contigit,
937 4386 1013 4452 ut
1038 4403 1187 4452 eum
1210 4387 1473 4453 nostrae
1523 4376 1988 4451 Vniversitatis
2019 4376 2354 4449 doctorem
2403 4400 2576 4448 nan-

346 4483 767 4562 cisceremur.
853 4480 1046 4557 Nam
1098 4505 1295 4580 quum
1345 4490 1603 4560 mortuo
1655 4478 1960 4560 Gilberto
2023 4478 2176 4555 huic
2228 4503 2575 4554 successor
