3275 5317
1189 435 1684 501 chvnem
2167 411 2178 420 ’
2524 436 2567 504 e

629 608 713 671 et
758 595 1245 696 tauricorum
1292 596 1548 692 mag-it
1593 595 1911 672 latebrae

637 725 738 774 em
786 701 1109 776 occultis
1157 725 1463 774 saevmn
1510 700 1936 789 mammen,

526 893 535 902 ⁶
628 805 1114 904 tartareique
1163 816 1262 879 ut
1307 804 1592 878 tom‘tro‘
1632 803 2015 900 horrffice

815 911 1104 1006 fertur
1151 909 1409 1004 imago
1463 918 1951 1009 typcmorum.

326 1041 504 1118 Sunt
552 1043 720 1121 hacc
771 1047 955 1121 chori
1003 1046 1388 1121 Edonorum
1437 1050 1661 1142 verb'a,
1715 1072 1902 1120 suam
1954 1046 2141 1118 deam
2172 997 2385 1145 Cotyn
2435 1073 2556 1124 ce·-

323 1148 737 1244 lebrantium,
792 1152 979 1224 cuius
1031 1153 1238 1225 sacris
1291 1153 1594 1250 quoniam
1642 1151 1981 1223 Bacchica
2007 1150 2331 1223 simillima
2358 1160 2568 1248 erant,

326 1277 406 1325 co
456 1253 670 1348 magis
720 1254 869 1326 illos
920 1255 1157 1328 favisse
1211 1255 1578 1329 advenienti
1645 1280 1813 1327 novo
1888 1252 2009 1326 deo
2041 1335 2046 1342 ,
2079 1255 2388 1327 credibile
2440 1264 2567 1329 est.

326 1353 521 1428 Hanc
572 1357 784 1453 ipsam
838 1358 1010 1432 enim
1073 1359 1558 1431 similitudinem
1626 1365 1704 1431 ιιι
1754 1357 2226 1430 demonstraret
2291 1356 2567 1453 Strabo,

324 1459 621 1532 versibus
670 1484 829 1532 usus
883 1470 984 1534 est
1031 1459 1366 1558 Aeschyli.
1489 1461 1632 1536 Sed
1692 1460 2093 1551 Welckerus
2142 1460 2214 1531 in
2267 1460 2622 1558 Tn’logias

324 1586 394 1660 p.
467 1566 646 1635 323.
714 1562 943 1657 finxit,
1029 1565 1202 1663 qnod
1267 1565 1470 1639 menti
1550 1563 1899 1639 Strabonis
1965 1563 2158 1661 plane
2222 1571 2573 1662 repugnat,
2638 1643 2646 1671 x

329 1665 625 1758 chorum,
676 1668 791 1738 ubi
843 1665 1056 1764 Cotyn
1103 1670 1416 1762 laudavit,
1473 1669 1753 1742 caeteris
1797 1667 2089 1740 versibus
2120 1667 2415 1739 omnibus
2449 1668 2574 1740 de-

327 1770 557 1841 testari
620 1768 1101 1843 Bacchicorum
1170 1797 1507 1843 sacrorum
1589 1771 1956 1889 strepitum.
2090 1767 2276 1842 Idem
2344 1772 2575 1845 eodem

326 1872 469 1943 iure
517 1872 592 1943 in
639 1868 1028 1991 Appendicc
1078 1895 1150 1969 p.
1218 1870 1388 1945 105.
1493 1871 1834 1945 Bacchas
1848 1873 1946 1943 ait
1993 1872 2065 1942 in
2108 1881 2310 1945 scena
2361 1897 2573 1972 appa-

326 1975 564 2046 misse.
668 1972 834 2067 Alii,
890 1975 1146 2073 opinor,
1197 1974 1294 2047 ita
1368 1981 1694 2068 statuent,
1759 1974 2186 2072 irruptionem
2253 1974 2576 2052 Bacchici

329 2078 661 2151 exercitus
711 2079 783 2149 in
834 2078 1221 2170 Thraciam,
1276 2077 1659 2174 clademque
1713 2101 1842 2174 qua
1893 2077 2176 2150 afflictus
2229 2086 2335 2151 cst
2384 2078 2575 2154 Bac-

331 2180 517 2273 chus,
574 2182 656 2253 ab
707 2182 948 2254 nuncio
976 2181 1245 2279 potius,
1299 2188 1375 2253 ιιι
1422 2205 1566 2254 mos
1620 2188 1746 2274 est,
1803 2205 1948 2252 esse
1999 2188 2353 2255 narratam.
2454 2180 2577 2257 Ex

328 2284 457 2356 illis
511 2284 773 2382 quidem
825 2307 987 2381 quos
1040 2281 1287 2357 Strabo
1341 2284 1626 2357 servavit
1675 2284 1967 2356 versibus
2019 2283 2146 2357 hoc
2196 2285 2356 2358 licet
2405 2297 2606 2359 con-²

328 2387 557 2481 iicere,
611 2387 913 2459 hostilem
962 2384 1330 2483 Lycurgi
1308 2412 1380 2459 m
1429 2385 1773 2460 Bacchum
1824 2387 2093 2484 eiusque
2124 2388 2397 2461 comites
2427 2389 2578 2461 ani·-

259 2572 267 2584 Ι
326 2514 509 2563 mum
559 2490 994 2589 improbatum
1046 2514 1191 2562 esse
1242 2514 1284 2561 a
1319 2489 1544 2563 choro.
1647 2488 1745 2564 Et
1775 2490 2071 2588 profecto
2098 2490 2364 2588 pietatis
2396 2516 2594 2587 eum,

329 2617 461 2667 non
511 2594 866 2691 impietatis
920 2593 1194 2666 decebat
1244 2617 1389 2666 esse
1443 2593 1873 2667 defensorem.

535 2694 1122 2795 Appropinquante
1172 2695 1442 2770 Baccho
1493 2697 1680 2791 regia
1726 2694 2024 2794 Lycurgi
2054 2696 2357 2771 divinitus
2390 2697 2578 2797 quasi

327 2801 553 2874 furore
607 2801 885 2897 quodam
951 2808 1258 2898 correpta
1319 2808 1445 2873 est.
1575 2796 1926 2897 Longinus
1995 2824 2145 2898 cap.
2214 2800 2382 2876 XV.
2448 2802 2579 2878 καὶ

329 2904 541 3005 παρὰ
590 2901 736 3002 μὲν
794 2900 1161 3002 Αἰσχύλῳ
1229 2898 1677 3034 παραδόξως
1742 2902 1840 2977 τὰ
1906 2911 2046 2979 τοῦ
2111 2901 2580 3034 Λυκούργου

328 3007 678 3109 βασίλεια
749 3006 943 3084 κατὰ
1011 3005 1152 3102 τὴν
1216 3002 1680 3106 ἐπιφάνειαν
1727 3013 1867 3082 τοῦ
1945 3003 2327 3085 Διονύσου
2391 3014 2578 3086 θεο-

331 3119 715 3213 φορεῖται·

642 3251 1020 3349 εὖθουσιᾷ
1072 3249 1169 3347 δὴ
1222 3248 1478 3348 δῶμα,
1530 3242 1886 3348 βακχεύει
1939 3247 2193 3351 στέγη·

642 3353 949 3454 spirant
981 3354 1359 3449 furorem
1412 3362 1647 3446 tecta,
1703 3348 2131 3424 bacchatur
2181 3351 2473 3431 domus.

331 3493 437 3567 Ibi
490 3492 639 3567 cod.
692 3492 852 3565 Vat.
908 3496 956 3564 2
1009 3490 1093 3568 δὲ
1144 3517 1266 3590 pro
1318 3488 1451 3589 δή.
1520 3489 1638 3563 sed
1690 3515 1768 3563 co
1819 3490 1891 3562 in
1942 3490 2173 3564 codice
2225 3492 2357 3565 alia
2407 3516 2576 3591 quo·

333 3623 461 3696 que
513 3596 824 3670 mendose
875 3595 1147 3694 scripta.
1253 3595 1646 3668 Retulerant
1692 3593 1820 3668 hoc
1870 3594 2305 3691 fragmentum
2358 3597 2574 3670 edito-

329 3723 441 3773 res
495 3699 581 3772 ad
628 3698 1046 3796 Lycurgum:
1117 3706 1311 3796 atque
1360 3699 1471 3770 cita
1519 3696 1897 3771 Brunckius
1966 3723 2222 3796 quoque
2275 3699 2359 3772 ad
2408 3696 2578 3772 Ari·-

334 3804 551 3903 stoph.
618 3802 795 3875 Rau.
872 3806 1094 3875 1124.
1176 3810 1243 3876 et
1313 3800 1695 3897 Biitfigerus
1774 3802 1845 3872 in
1910 3801 2149 3874 Museo
2215 3799 2447 3876 Attico
2509 3800 2573 3877 I.

333 3931 406 4006 p.
460 3906 638 3980 358.
743 3904 886 3979 Sed
935 3905 1015 3977 de
1066 3904 1275 4004 primo
1344 3928 1618 3997 accessu
1680 3903 1935 3978 Bacchi
2001 3929 2364 3979 sermonem
2428 3929 2573 3978 esse

332 4011 465 4082 iam
517 4008 754 4105 Zoega
800 4009 1052 4082 viderat
1099 4010 1170 4080 in
1220 4007 1506 4080 Dissert.
1560 4032 1631 4105 p.
1694 4007 1813 4090 15.
1868 4032 2059 4105 quem
2111 4016 2420 4104 sequutus
2472 4016 2575 4083 est

331 4112 739 4186 Wclckerus
791 4120 858 4185 et
893 4113 964 4183 in
995 4112 1302 4209 Trilogia
1350 4137 1419 4209 p.
1455 4114 1628 4184 322.
1665 4118 1732 4184 et
1753 4112 1824 4182 in
1848 4108 2236 4209 Appendicc
2286 4134 2355 4208 p.
2398 4109 2569 4185 105.

336 4216 473 4309 Qui
520 4215 834 4313 loquitur,
885 4216 1027 4313 ipse
1076 4216 1354 4289 fortasse
1404 4212 1755 4312 Lycurgus
1807 4222 1909 4288 est
1923 4265 1949 4307 ,
2000 4213 2262 4308 indigne
2325 4213 2573 4309 ferens,

334 4317 514 4417 quod
563 4319 783 4392 omnia
829 4317 1232 4394 Bacchicam
1279 4319 1598 4391 insaniam
1628 4318 1903 4416 spirent,
1958 4340 2231 4414 eamque
2257 4318 2341 4393 ob
2369 4341 2572 4393 caus·

335 4446 482 4500 sam
532 4421 773 4502 eiicere
823 4448 863 4496 e
910 4447 1114 4520 regno
1164 4448 1287 4499 suo
1337 4421 1681 4499 Bacchum
1730 4418 2159 4497 constituens·
