3275 5317
954 493 1593 559 MYRMIDONIB
1611 495 1724 557 VS
1766 502 1874 561 etc.
2299 537 2304 543 -
2415 494 2541 563 157

303 652 622 752 Aeschyli
650 655 1020 755 exemplum
1046 658 1249 746 facta,
1301 658 1432 731 ut
1408 682 1479 729 m
1506 656 1740 756 quihus
1776 648 2044 730 Hector
2055 680 2212 750 non,
2264 666 2341 733 ιιι
2365 659 2542 757 apud

298 756 732 856 Aeschylum,
782 760 914 831 iam
964 770 1259 834 mortuus
1311 768 1476 855 erat,
1529 762 1612 832 ab
1656 758 1991 858 Sophocle
2038 761 2259 860 potius
2307 762 2541 835 viden·

299 870 414 935 tur
465 886 617 935 esse
668 869 966 961 accepta.

509 964 711 1038 Initio
763 966 1021 1039 fabulae
1069 962 1367 1039 Achilles
1416 990 1580 1064 prae
1631 964 1855 1039 dolore
1878 964 2111 1063 perdiu
2145 966 2344 1038 silens
2372 975 2537 1042 erat.

299 1064 619 1166 Scriptor
666 1070 839 1141 vitae
889 1065 1239 1166 Aeschyliz
1292 1073 1375 1146 ἐν
1396 1067 1479 1144 δὲ
1520 1068 1617 1165 δὴ
1642 1075 1800 1153 τοῖς
1831 1068 2201 1168 (Έκτορος
2241 1065 2541 1166 λύτροις

289 1170 684 1268 Ἀχιλλεύς
736 1171 1012 1268 ὁμοίιος
1043 1172 1676 1304 ἐγκεκαλυμμενος
1707 1173 1798 1246 οὔ
1853 1171 2292 1276 φθέγγεται,
2346 1173 2543 1269 πλὴν

297 1274 1553 1475 ἵηῖιῗξιῗὲξέἴέαιιῗέοέιῗρῖἶῖ
1576 1273 2575 1510 ιᾷἔὲιῖξιῖξαὲῖοῑῗεὲὼιῑῖῗῖξῖ·

288 1480 648 1575 Ἀχιλλὲα
697 1479 838 1556 τίν’
891 1480 941 1577 ἢ
992 1480 1319 1581 Νιόβην,
1371 1482 1458 1557 τὸ
1512 1479 1915 1576 πρόςωπον
1979 1481 2149 1577 οὐχὶ
2213 1478 2538 1576 δεικνύς,

293 1580 706 1682 πρόσχημα
756 1593 889 1680 τῆς
938 1585 1368 1716 τραγωὸίας
1416 1582 1857 1715 γρύζοντας
1890 1583 2068 1660 οὐδὲ
2118 1585 2373 1680 τουτί,
2437 1585 2540 1659 sic

293 1687 578 1759 scribit.
633 1685 735 1771 ὥς
787 1689 1027 1764 αὐτοῦ
1057 1689 1521 1788 εἶςφέροντος
1573 1693 1656 1764 ἐν
1706 1685 2050 1786 ὃράμασί
2095 1717 2270 1766 τινα
2319 1717 2540 1763 κεκα-

294 1789 713 1887 λυμμένον.
780 1791 821 1866 ὃ
887 1792 1271 1886 Ἀχιλλεὺς
1338 1790 1423 1866 δὲ
1488 1787 1920 1888 καθήμενός
1985 1795 2141 1867 ἐστι
2205 1790 2334 1868 καὶ
2400 1793 2541 1867 οὐκ

294 1890 898 1992 ἀποκρινόμενος
947 1896 1120 1989 παρ’
1173 1891 1530 1991 Αἰσχύλω
1582 1899 1667 1971 ἐν
1730 1891 2062 1994 δράματι
2125 1897 2540 2025 ἐπιγραφο-

291 1995 510 2095 μένῳ
565 1996 865 2093 Φρυξὶν
910 1996 958 2093 ἢ
991 1997 1358 2097 (Έκτορος
1408 1995 1753 2129 λύτροις.
1780 1995 2007 2074 οὐδὲν
2056 1995 2141 2073 δὲ
2193 1998 2234 2073 ὃ
2281 1999 2542 2094 Ἀχιλ-

294 2098 472 2185 λεὺς
525 2100 962 2230 φθέγγεται.
1051 2102 1370 2185 ’“”.Αλλως
1425 2100 1619 2184 εἰκὸς
1682 2100 1819 2176 τὸν
1885 2104 1969 2176 ἐν
2031 2106 2189 2184 τοῖς
2241 2099 2540 2200 Φρυξὶν

286 2203 648 2300 ῨΑχιλλέα
696 2203 745 2299 ἢ
778 2203 1149 2301 ζΈκτορος·
1210 2202 1507 2300 λύτροις
1649 2202 2048 2302 corruptum
2117 2228 2264 2277 esse
2329 2204 2540 2277 visum

296 2313 407 2379 est
458 2305 755 2379 scholion
806 2308 891 2378 ad
930 2303 1244 2404 Aeschyli
1290 2306 1518 2380 Prom.
1572 2307 1753 2380 435.
1804 2314 2140 2382 σιωπῶσι
2189 2305 2338 2409 γὰρ
2389 2336 2539 2383 πα-

298 2408 402 2506 ρὰ
454 2415 614 2493 τοῖς
664 2416 1002 2505 ποιηταῖς
1065 2411 1161 2485 τα
1214 2406 1573 2508 πρόςωπα
1633 2408 1685 2505 ἢ
1750 2409 1846 2485 δι’
1917 2409 2359 2499 αὐθαδίαν,
2436 2410 2540 2496 ὥς

290 2510 733 2642 ’ζΑχιλλεύςιι
737 2517 820 2589 ἐν
867 2519 1024 2596 τοῖς
1078 2514 1329 2613 Φρυξὶ
1380 2514 1900 2613 Σοφοκλέους,
1953 2512 2001 2609 ἢ
2053 2511 2186 2590 διὰ
2239 2540 2540 2614 συμφο-

298 2612 480 2715 ράν,
537 2614 639 2700 ὥς
688 2615 735 2711 ἡ
787 2612 1036 2713 Νιόβη
1088 2617 1261 2717 παρ’
1309 2614 1724 2715 Ἀἶσχύλῳ,
1775 2616 1824 2713 ἢ
1877 2615 2009 2693 δια
2072 2615 2538 2717 περίσκεψιν,

300 2718 404 2803 ὥς
460 2717 499 2794 ὃ
560 2718 752 2803 Ζεὺς
801 2749 1009 2816 παρα
1074 2750 1183 2817 τω
1247 2729 1512 2816 ποιητῇ
1579 2719 1769 2816 πρὸς
1831 2719 1973 2815 τὴν
2035 2729 2169 2814 τῆς
2240 2720 2540 2805 Θέτιδος

299 2819 734 2917 ἀπαίτησιν.
852 2821 1201 2919 Menagius
1270 2823 1442 2920 apud
1509 2820 1980 2919 Spanhemium
2044 2822 2128 2895 ad
2191 2819 2465 2921 Aristop
2467 2824 2538 2897 h.

297 2924 478 2998 Rau.
537 2926 714 2998 950.
768 2932 836 2999 et
884 2925 1260 2998 Brunckius
1311 2925 1397 2998 ad
1447 2924 1804 3022 Sophoclis
1867 2924 2162 3020 Phryges
2226 2923 2542 3023 Aeschyli

300 3054 542 3102 nomen
591 3054 715 3127 pro
768 3029 1027 3101 nomine
1078 3026 1433 3137 Sophoclis
1484 3029 1854 3127 ponendum
1906 3035 2325 3102 censuerunt.
2427 3027 2540 3101 De

302 3157 432 3229 quo
488 3157 613 3228 ego
668 3132 925 3229 quidem
976 3132 1197 3205 dubito
1212 3184 1237 3225 ,
1327 3157 1524 3229 quum
1590 3132 1974 3205 scholiastes
2040 3155 2202 3228 quas
2255 3139 2389 3205 tres
2439 3132 2541 3206 si-

298 3233 485 3308 lentii
537 3248 806 3308 caussas
857 3242 1345 3328 commemorat,
1394 3235 1603 3307 tribus
1669 3235 1867 3308 trium
1914 3245 2256 3333 poetarum
2306 3260 2540 3308 exem-

299 3338 426 3436 plis
478 3337 776 3411 videatur
826 3339 1250 3436 comprobare
1299 3338 1606 3411 voluisse.
1729 3335 1812 3410 Si
1883 3338 2038 3435 quid
2103 3346 2401 3411 errarunt
2447 3338 2641 3414 li-2o

299 3439 530 3534 brarii,
582 3440 839 3513 facilius
891 3442 1150 3514 credam
1205 3440 1382 3514 aliud
1432 3466 1514 3513 ex
1569 3438 1903 3538 Sophocle
1969 3449 2543 3517 commemoratum

301 3543 544 3616 fuisse.
599 3551 667 3616 et
712 3544 1027 3642 praebere
1077 3545 1291 3642 potuit
1343 3540 1643 3643 Oedipus
1696 3542 2064 3617 Coloneus·
2132 3553 2272 3617 tum
2322 3551 2542 3617 autem

304 3646 651 3745 scripsisse
701 3647 1121 3719 scholiastam
1171 3646 1221 3742 ὴ
1273 3646 1405 3722 διὰ
1474 3643 1923 3747 συμφοράν,
1993 3648 2095 3733 ὥς
2154 3646 2542 3744 Αχιλλεύς

306 3752 384 3826 ἐν
437 3756 610 3833 τοῖς
677 3749 928 3846 Φρυξι
990 3749 1119 3824 και
1179 3749 1226 3845 ἡ
1294 3746 1540 3848 Νιόβη
1605 3781 1759 3852 παρ
1840 3747 2248 3854 Ἀἰσχύλῳ
2365 3750 2542 3824 Nam

290 3851 408 3926 hic
431 3850 840 3949 Aeschyleus
888 3854 961 3924 in
1007 3852 1340 3950 Phygihus
1374 3851 1672 3928 Achilles
1724 3861 1926 3951 caput
1971 3863 2152 3928 veste
2195 3854 2539 3929 obvolutus

306 3956 572 4029 sedehat
620 3980 778 4053 prae
830 3956 1053 4030 dolore
1104 3958 1187 4029 oh
1239 3966 1564 4030 mortuum
1614 3958 1921 4031 amicum.

508 4059 914 4133 Mercurium
931 4112 955 4152 ‚
1023 4084 1216 4157 quem
1265 4061 1542 4133 vidimus
1589 4061 1662 4133 ιιι
1711 4060 2036 4160 principio
2086 4060 2342 4133 fabulae
2393 4059 2542 4134 col-
2638 4113 2645 4124 .

307 4160 593 4236 locutum
643 4185 789 4235 esse
841 4188 990 4235 cum
1038 4161 1327 4256 Achille,
1378 4188 1511 4237 non
1562 4166 1849 4256 credam,
1900 4173 1977 4236 ιιι
2023 4159 2386 4237 Welckero
2432 4163 2542 4237 vi-

43 4265 46 4376 i
313 4288 472 4337 sum
502 4273 629 4358 est,
682 4266 968 4366 permira
1017 4266 1099 4338 de
1149 4266 1512 4363 fragmento
1566 4268 1741 4363 quod
1791 4290 1834 4338 a
1880 4265 2158 4340 Polluce
2209 4275 2540 4341 servatum

314 4366 649 4441 afferemus
700 4368 1238 4462 comminiscenti,
1290 4369 1548 4443 venisse
1611 4378 1689 4442 ut
1736 4369 2079 4444 nunciaret
2117 4366 2366 4444 Achilli
2417 4371 2544 4443 ad-

314 4478 567 4545 ventum
615 4468 903 4568 Priami,
953 4472 1074 4547 sed
1120 4473 1338 4573 potius
1388 4480 1465 4547 ut
1511 4472 1769 4548 iuberet
1830 4496 1981 4548 eum
2044 4473 2128 4546 ah
2193 4474 2571 4576 saeviendo·
