3275 5317
784 455 910 524 1¹1⁶
1459 454 1583 517 DE
1624 452 2356 522 EPIGRAMMATIS

784 626 883 695 11
876 623 1163 698 ΟΣΕΚ
1222 615 1428 690 latere
1492 617 1663 693 οὔτε
1723 616 2016 720 γυναῖκ’
2033 666 2060 710 ,
2144 640 2234 690 ex
2295 615 2492 691 tertia
2516 616 2995 750 inscriptione

782 723 1224 821 cognoscitur,
1273 720 1346 792 in
1398 742 1526 817 qua
1574 718 1890 817 scriptum
1939 726 2041 793 est
2086 715 2269 818 μήτε
2299 724 2648 840 γυναῖκα
2718 718 2998 822 λαβών.

779 823 874 900 V.
927 829 1000 899 8.
1049 822 1385 921 praedicat
1433 846 1506 895 se
1556 845 1813 920 semper
1860 822 2248 920 persolvisse
2294 821 2468 897 iusto
2509 831 2814 923 tempore
2862 847 3003 898 ma-

776 927 1155 1024 gistratibus
1203 926 1468 1017 tributa,
1517 924 1613 996 ita
1662 933 1737 997 nt
1798 945 2147 1022 numquam
2196 925 2374 1021 exigi
2438 926 2520 1000 ab
2582 951 2664 1000 se
2727 927 3005 1025 pecunia

777 1030 1094 1104 debuerit.
1193 1024 1286 1102 V.
1346 1031 1465 1101 12.
1520 1027 1694 1125 quod
1720 1027 1960 1124 legitur
2007 1031 2360 1103 KATEA
2371 1034 3005 1105 ΥΣΕΛΙΚΗΨΥ-
3112 1017 3129 1052 ¹

778 1134 1478 1219 ΔΕΠΡΟΠΑΣΑ,
1541 1155 1664 1228 pro
1731 1126 1940 1229 ψυχὴ
2005 1130 2262 1204 inverso
2330 1131 2730 1228 syllabarum
2782 1132 3004 1207 ordine

777 1236 1098 1334 scriptum
1143 1240 1293 1310 KH
1307 1241 1459 1307 ΨΥ.
1576 1230 1921 1306 Sententia
1987 1239 2205 1306 autem
2253 1240 2323 1307 et
2386 1233 2518 1309 αἶα
2577 1235 2883 1366 postulat
2942 1243 3006 1309 et

776 1336 1176 1438 πρόπασιν.
1304 1331 1557 1409 Vltimo
1629 1359 1824 1408 versu
1901 1342 2083 1408 recte
2149 1359 2222 1407 se
2284 1336 2477 1411 habet
2551 1333 3005 1436 πωτιόμενα.

776 1439 1008 1533 Audit,
1059 1439 1294 1537 inquit,
1344 1437 1726 1510 immortalis
1777 1436 1993 1509 anima
2040 1438 2259 1512 omnia
2307 1461 2477 1535 qnae
2522 1462 2792 1514 sursum
2845 1440 3005 1516 voli-

775 1553 919 1617 tant
968 1542 1147 1615 dicta
1194 1540 1637 1658 superstitum.

755 1725 768 1738 ,
981 1641 1429 1738 Perelegantis
1481 1640 1964 1738 epigrammatis
2013 1640 2328 1739 reliquiae
2379 1650 2646 1719 exstant
2697 1670 2772 1743 p.
2835 1648 2998 1720 190.

773 1749 977 1821 inscr.
1031 1748 1258 1818 2168.
1309 1745 1380 1815 ἰιι
1432 1768 1558 1841 quo
1610 1750 1796 1816 recte
1847 1743 2106 1840 quidem
2155 1744 2674 1820 animadversum
2728 1747 3000 1841 videtur,

774 1849 1097 1924 excidisse
1173 1847 1366 1921 tertio
1443 1870 1636 1919 versu
1712 1868 1947 1918 nomen
2020 1847 2357 1944 proprium
2419 1849 2652 1946 populi
2681 1850 2998 1944 alienius,

773 1953 891 2027 sed
942 1958 1202 2026 caetera
1252 1949 1703 2047 supplementa
1751 1947 1924 2021 hand
1973 1948 2170 2021 facile
2218 1950 2560 2047 probabit,
2612 1951 2733 2050 qui
2786 1950 3000 2026 Grae·-

775 2081 924 2130 cam
971 2054 1203 2153 poesin
1264 2052 1431 2124 bene
1499 2051 1825 2148 cognitam
1886 2050 2143 2125 habeat.
2265 2049 2435 2124 Eius
2517 2054 2996 2151 epigrammatis

775 2183 856 2232 ea
908 2181 1073 2256 quae
1118 2180 1251 2229 non
1297 2155 1492 2253 plane
1539 2153 1798 2252 perdita
1845 2160 1999 2228 sunt
2046 2177 2170 2250 ego
2217 2153 2485 2252 quidem
2522 2156 2647 2230 tali
2680 2157 2822 2231 fere
2859 2180 2998 2229 mo-

776 2261 862 2336 do
912 2257 1312 2334 restituenda
1361 2280 1508 2332 esse
1560 2255 1865 2329 coniicio.

686 2421 780 2491 13
988 2472 1005 2488 ·
1081 2468 1480 2590 {atsaiw
1489 2429 1865 2611 οᾶτὲιέσῖοἴ
1909 2414 2438 2611 μσρνάμῂνξῖ
2462 2471 2781 2617 nep-arlia·
2762 2515 2816 2613 ·]

986 2613 1347 2718 σύμμαχα
1413 2614 1499 2692 δ’
1566 2585 1928 2719 ἡγεμόσιν
1991 2615 2303 2747 θέμενοι
2357 2616 2714 2716 Ῥ[οὸίων
2784 2617 2989 2705 οπλα,

980 2820 1399 3026 ἦπατρίδι
1434 2820 1572 2900 τὸν
1622 2830 1927 2901 κλεινᾶν
1978 2714 2315 2900 Ξὲῖῖὲῖ]
2348 2822 2456 2919 [ἐξ
2505 2822 2867 2953 accedun]

1096 2928 1204 3030 ‘³9
1270 2923 1561 3026 ἐτύμως
1622 2923 1799 3004 τόδε
1868 2922 2602 3127 σᾶμζεοὲαῗὶόντῆσσιν
2666 2921 2990 3027 πεφύλα-

1077 3135 1154 3210 οἳ
1186 3130 1345 3231 μὲν
1392 3131 1543 3234 γὰρ
1593 3136 1868 3233 θηρῶν
1918 3133 2297 3233 φέρτατοι,
2349 3134 2422 3209 οἳ
2462 3130 2548 3208 δε
2597 3124 2986 3235 βρο[τῶν.]

974 3282 1232 3358 Eadem
1278 3284 1518 3382 pagina
1567 3284 1741 3381 quod
1788 3285 2130 3384 inscriptio
2167 3290 2394 3359 2169.
2446 3286 2641 3360 habet
2668 3285 2987 3400 epigram-

776 3411 908 3483 ma,
959 3388 1098 3460 eius
1126 3387 1195 3458 in
1222 3387 1431 3507 primo
1462 3411 1655 3459 versu
1687 3385 1966 3461 dubitari
2015 3388 2127 3462 vix
2174 3396 2395 3491 potest
2444 3389 2598 3486 quin
2627 3409 2853 3462 verum
2887 3382 2985 3456 vi-

775 3492 989 3565 derint
1034 3490 1156 3585 illi,
1209 3489 1321 3620 qui
1367 3489 1440 3561 in
1489 3492 2300 3568 ΣΟΙΠΛΑΚΑΝΗ..
2334 3498 2743 3569 ,ΑΝΗΚΕ
2789 3489 2984 3561 latere
3118 3565 3123 3572 ι

701 3657 707 3664 .
774 3601 1086 3714 putarunt
1134 3593 1256 3669 σοὶ
1303 3588 1551 3668 πλακα
1600 3589 1823 3688 τήνδ’
1879 3594 2237 3692 nive-9722&
2285 3603 2593 3694 recteque
2641 3593 2838 3667 iidem
2883 3594 2985 3660 et-

775 3697 906 3768 iam
954 3694 1022 3766 in
1074 3696 1278 3768 altero
1333 3719 1522 3768 versu
1596 3700 1858 3773 ΟΡΦΙ
1861 3703 1984 3772 TE
2045 3697 2418 3772 mutandum
2482 3700 2873 3772 censuerunt
2918 3688 2985 3760 in

777 3800 1096 3898 ἄφθιτε
1214 3793 1357 3872 Sed
1418 3798 1652 3872 relicta
1716 3807 1869 3874 sunt
1930 3800 2001 3872 in
2065 3802 2148 3875 iis
2201 3825 2366 3900 quae
2431 3808 2787 3899 sequuntur
2834 3793 2979 3884 alia,

774 3926 978 4000 eaque
1028 3899 1188 3975 satis
1236 3900 1464 3998 gravia
1508 3902 1703 3994 vitia3
1752 3903 1917 3976 illud
1964 3911 2178 3979 autem
2222 3903 2664 4003 turpissimum
2710 3902 2781 3974 in
2828 3894 2980 3969 ulti-

773 4030 878 4079 mo
928 4029 1145 4098 versu,
1195 4003 1506 4103 τρισσὸν
1554 4005 1702 4081 ὑπὸ
1770 4003 2118 4108 λυκάβαν
2178 4007 2694 4129 γραμματικὸς
2741 4000 2974 4086 τελέω,

774 4132 901 4205 qno
954 4117 1022 4184 et
1067 4107 1138 4179 in
1186 4106 1675 4204 grammaticam
1723 4109 1849 4183 iste
1913 4110 2167 4185 scilicet
2227 4112 2685 4205 grammaticus
2741 4097 2976 4222 pecca-

774 4210 892 4303 vit,
943 4219 1036 4304 et,
1115 4209 1175 4283 si
1222 4209 1347 4283 fnit
1391 4210 1892 4307 grammaticus,
1968 4211 2428 4287 absurdissime
2470 4215 2543 4286 id
2592 4216 2718 4288 hoc
2764 4215 2865 4284 est
2908 4204 2973 4275 in

775 4312 1231 4431 epigrammate
1280 4320 1579 4390 testatus.
1682 4311 1781 4387 At
1818 4338 1944 4387 nec
1993 4314 2119 4388 fnit
2164 4313 2277 4388 ille
2325 4317 2807 4414 grammaticus,
2854 4329 2972 4382 neo

776 4413 1043 4511 scripsit
1090 4423 1256 4492 tam
1272 4415 1518 4514 inepta,
1569 4440 1762 4514 qnam
1810 4424 1963 4492 sunt
2022 4416 2136 4493 illa
2198 4442 2365 4517 quae
2415 4445 2502 4495 ex
2562 4417 2775 4518 lapide
2818 4434 2968 4512 pro·
