3275 5317
750 466 880 536 318
1683 468 2053 532 ORATIO

749 658 862 726 se,
916 630 1350 727 distinguere,
1429 630 1803 728 explicare,
1882 654 2234 728 omnesque
2282 631 2354 702 in
2402 630 2649 705 formas
2719 640 2993 725 vertere,

708 763 713 769 ·
747 736 981 835 quibus
1029 733 1346 806 infinitam
1394 733 1574 806 illam
1623 735 2100 807 multitudinem
2160 756 2245 820 ‚ac
2314 733 2696 807 varietatem
2763 744 2835 807 et
2882 761 2999 809 re-

746 865 895 913 rum
945 839 1378 934 cogitatarum
1430 844 1498 910 et
1548 860 1858 910 sensnum
1923 845 2121 934 atque
2170 836 2588 912 affectionum
2654 837 3000 935 significe-

748 968 894 1016 mus
946 950 1015 1015 et
1064 940 1494 1013 declaremus,
1545 937 1680 1012 Est
1729 940 1903 1011 enim
1952 940 2177 1036 lingua
2227 938 2476 1036 effigies
2520 941 2745 1034 animi,
2801 965 3003 1039 quam

591 1127 598 1141 ,
748 1071 904 1145 φο.
931 1045 1242 1118 attentius
1294 1043 1811 1141 contemplamur
1876 1066 2132 1140 quoque
2200 1044 2572 1117 accuratius
2640 1044 2784 1117 eius
2852 1045 3005 1119 for-

748 1174 889 1222 mas
922 1149 1337 1245 rationesque
1365 1147 1844 1245 persequimur,
1896 1171 1976 1220 eo
2012 1147 2258 1220 maiore
2302 1147 2749 1244 perfundimur
2781 1148 3003 1220 admi-

746 1253 1002 1326 ratione
1016 1304 1044 1344 ,
1122 1250 1297 1347 quod
1345 1251 1523 1324 nullo
1574 1249 1929 1347 magistro,
2008 1250 2126 1322 sed
2194 1250 2476 1321 naturali
2543 1251 2825 1348 quodam
2888 1251 3005 1323 in·-

749 1356 996 1430 stinetu
1057 1354 1208 1452 ipsa
1270 1353 1395 1425 sibi
1460 1378 1646 1426 mens
1720 1353 2059 1452 paullatim
2124 1353 2304 1425 illam
2388 1351 3009 1428 artificiosissimam

745 1459 1116 1533 machinam
1168 1457 1442 1548 creavit,
1490 1457 1560 1528 in
1614 1479 1745 1553 qna
1793 1465 2122 1554 tamquam
2169 1456 2239 1528 in
2292 1457 2561 1554 speculo
2604 1457 2711 1530 vel
2735 1458 3005 1531 tenuis-

748 1562 916 1635 sima
990 1562 1384 1644 lineamenta
1462 1560 1931 1632 sementinum
2013 1567 2682 1657 repraesentarentur.
2822 1558 3005 1635 Eam

729 1665 1094 1783 diligenter
1156 1662 1581 1763 perquisitam
1624 1663 1865 1736 habere
1914 1687 2311 1760 caussasque
2377 1663 2521 1735 eius
2586 1672 2654 1736 et
2703 1664 3003 1737 rationes

744 1767 1187 1886 perspexisse,
1242 1790 1531 1864 quasque
1560 1767 1953 1839 mutationes
1982 1766 2086 1839 vel
2129 1774 2496 1863 temporum
2526 1791 2727 1840 cursu
2750 1767 2862 1840 vel
2891 1767 3004 1838 ‹li-

747 1871 940 1946 cendi
992 1871 1191 1943 variis
1260 1869 1549 1943 consiliis
1615 1870 1721 1942 vel
1772 1870 2133 1943 animorum
2184 1878 2378 1967 atque
2427 1870 2837 1966 ingeniorum
2891 1870 3004 1941 di·-

744 1974 1056 2049 versitate
1108 1974 1514 2047 contraxerit
1579 1974 2005 2069 cognovisse,
2089 1973 2160 2045 id
2227 1973 2487 2046 demum
2553 1980 2656 2046 est
2729 1973 3005 2069 linguae

746 2077 879 2151 vim
931 2084 1000 2149 et
1060 2101 1254 2149 usum
1317 2082 1567 2149 tenere.
1684 2075 1767 2148 In
1834 2101 1965 2173 qno
2027 2099 2269 2173 genere
2331 2075 2525 2149 hodie
2590 2076 2651 2148 si
2717 2077 3003 2150 multum

746 2179 1145 2280 profecimm
1197 2178 1686 2278 comparatione
1751 2178 2155 2270 diversarum
2218 2179 2392 2251 iuter
2458 2203 2532 2251 se
2595 2179 3001 2275 linguarum,

744 2291 966 2358 tanen
1015 2283 1214 2357 etiam
1256 2307 1388 2355 non
1437 2281 1599 2352 nihil
1649 2281 1900 2354 turbari
1951 2281 2559 2372 animadvertimus,
2612 2306 2814 2380 quum
2863 2307 3003 2355 non

746 2410 999 2478 omnes,
1053 2386 1167 2482 qui
1214 2383 1330 2455 illa
1375 2384 1451 2455 in
1513 2408 1589 2456 re
1638 2385 1767 2456 sibi
1814 2384 2119 2481 placent,
2189 2386 2353 2472 satis
2422 2393 2802 2458 accuratam
2870 2385 3001 2459 sibi

743 2488 1124 2588 paraverint
1197 2487 1603 2605 linguarum,
1685 2510 1957 2583 quarum
2025 2488 2217 2560 aliam
2288 2512 2375 2560 ex
2457 2489 2587 2560 alia
2655 2488 3002 2587 explicare

745 2592 1035 2683 student,
1087 2589 1549 2687 cognitionem.
1654 2587 1831 2662 Nam
1893 2613 2090 2688 saepe
2154 2614 2428 2687 prorsus
2493 2591 2798 2688 ignorare
2865 2592 3007 2663 ali-

744 2694 905 2794 quid
953 2694 1185 2767 melius
1238 2699 1366 2785 est,
1420 2716 1616 2790 quam
1665 2717 1899 2791 parum
1950 2701 2133 2767 recte
2185 2692 2535 2766 didicisse·
2591 2694 2766 2792 quod
2819 2695 2999 2768 alte-

742 2823 896 2872 rum
940 2798 1175 2871 luorum
1223 2822 1356 2870 non
1407 2796 1599 2869 affert
1648 2797 2199 2894 opportunitatem
2252 2798 2732 2893 cognoscendi,
2819 2797 3000 2882 alte-

742 2927 918 3079 :233
965 2901 1496 3095 Ρῐὸἶέωῗῑοῗὲ.
1521 2923 1976 3076 ‘ffiffl
2022 2907 2450 3101 ῗῗῑῗίξοζέι
2476 2901 2746 3076 ἕὶῗίΐ
2789 2925 2997 3101 ξῗῃζ

747 3109 838 3182 sit
899 3107 1100 3180 amni
1178 3106 1546 3203 mentisque
1625 3030 2107 3203 peflsemtafio,
2187 3031 2647 3204 indagatioqille
2712 3107 2995 3181 fontium

746 3211 958 3285 omnis
1009 3208 1352 3301 aientiae,
1403 3233 1527 3304 per
1582 3210 1752 3282 viros
1822 3209 2141 3307 quosdam
2202 3209 2414 3283 divino
2494 3209 2828 3308 praeditos
2878 3211 2995 3284 in·-

745 3312 941 3410 genio
993 3311 1278 3383 adducta
1328 3310 1594 3407 quidem·
1639 3337 1720 3384 eo
1773 3322 1913 3405 est,
1978 3320 2054 3385 ut
2118 3313 2251 3384 iam
2314 3312 2487 3386 unde
2552 3313 2838 3411 petenda
2903 3314 2995 3387 sit

746 3421 1153 3513 cot-pertun
1202 3413 1553 3485 habeamus
1568 3466 1595 3508 ,
1672 3415 1790 3487 sed
1802 3466 1828 3507 ,
1899 3416 2203 3513 quoniam
2264 3416 2464 3488 animi
2527 3416 2793 3488 humani
2857 3424 2998 3489 tam

651 3590 666 3598 ,
745 3517 1054 3639 profimdi
1106 3525 1264 3591 sunt
1309 3524 1505 3613 atque
1556 3518 1822 3590 obscuri
1872 3543 2219 3608 recessus,
2272 3520 2344 3591 in
2393 3544 2508 3593 eos
2575 3528 2652 3592 ut
2701 3519 2995 3594 omnium

744 3622 1011 3694 minime
1086 3621 1251 3693 illud
1328 3620 1552 3693 lumen
1614 3621 1911 3694 videatur
1971 3622 2235 3696 immitti
2303 3647 2541 3721 posse,
2622 3648 2752 3721 quo
2818 3624 2995 3696 imus

747 3725 904 3799 eius
940 3723 1178 3797 fundus
1232 3723 1604 3798 collustrari
1652 3725 1940 3844 penitus,
1994 3727 2372 3826 animusque
2439 3726 2639 3799 simul
2700 3734 2768 3799 et
2835 3751 2994 3800 cer-

746 3853 908 3906 nere
961 3847 1108 3899 sese
1161 3834 1230 3900 et
1280 3827 1360 3899 ab
1414 3851 1488 3899 se
1544 3828 1730 3901 cerni
1797 3837 2037 3926 queat,
2091 3831 2279 3903 multi
2346 3829 2500 3901 dum
2563 3829 2722 3902 illuc
2773 3854 2992 3951 peue-

744 3941 926 4007 trare
979 3938 1340 4023 conantur,
1419 3932 1612 4029 quasi·
1658 3933 1975 4053 vertigine
2027 3933 2306 4031 quadam
2358 3932 2646 4052 correpti
2697 3956 2873 4005 vana
2920 3936 2992 4007 in

746 4035 1002 4110 somnia
1050 4034 1375 4127 incidunt,
1426 4035 1691 4132 suisque
1739 4036 1870 4133 ipsi
1917 4036 2169 4134 laqueis
2236 4037 2416 4134 capti
2482 4036 2760 4109 delirare
2810 4036 2991 4110 inci·-

742 4147 959 4239 pmnt,
1011 4146 1092 4212 ut
1140 4162 1266 4212 nee
1314 4162 1393 4215 se
1438 4138 1569 4237 ipsi
1630 4139 2034 4235 intelligant,
2109 4163 2321 4237 neque
2396 4135 2844 4236 intelligantur
2907 4141 2990 4212 ab

746 4243 922 4317 aliis.
1046 4240 1378 4341 Apertam
1450 4249 1557 4315 est
1616 4250 1834 4320 autem
1849 4293 1875 4336 ,
1961 4243 2266 4340 quoniam
2344 4242 2793 4363 philosophiae
2864 4267 2990 4318 usu

748 4370 954 4443 quum
996 4347 1069 4419 in
1121 4347 1298 4420 omni
1347 4369 1586 4443 genere
1636 4346 1979 4438 scientiae,
2030 4355 2171 4423 tum
2219 4347 2303 4419 iis
2353 4346 2636 4437 maxime
2685 4346 2758 4425 in
2790 4347 2989 4419 rebus

748 4472 918 4548 opus
969 4457 1098 4544 at,
1151 4449 1383 4549 quihus
1434 4448 1607 4524 vitae
1657 4450 1947 4525 rationes
1995 4433 2476 4548 gubernantur,
2543 4471 2739 4547 quam
2802 4449 2990 4522 salu-
