<?xml version="1.0" encoding="UTF-8"?>
<!DOCTYPE html PUBLIC "-//W3C//DTD XHTML 1.0 Transitional//EN"
    "http://www.w3.org/TR/xhtml1/DTD/xhtml1-transitional.dtd">
<html xmlns="http://www.w3.org/1999/xhtml" xml:lang="en" lang="en">
 <head>
  <title>
</title>
<meta http-equiv="Content-Type" content="text/html;charset=utf-8" />
  <meta name='ocr-system' content='tesseract 3.04.00' />
  <meta name='ocr-capabilities' content='ocr_page ocr_carea ocr_par ocr_line ocrx_word'/>
</head>
<body>
  <div class='ocr_page' id='page_1' title='image "./godofrediherman02fritgoog_0147.png"; bbox 0 0 3275 5317; ppageno 0'>
   <div class='ocr_carea' id='block_1_1' title="bbox 683 1324 1913 1404">
    <p class='ocr_par' dir='ltr' id='par_1_1' title="bbox 683 1324 1913 1404">
     <span class='ocr_line' id='line_1_1' title="bbox 683 1324 1913 1404; baseline -0.013 0"><span class='ocrx_word' id='word_1_1' title='bbox 683 1331 733 1404; x_wconf 81' lang='grc'><strong>3</strong></span> <span class='ocrx_word' id='word_1_2' title='bbox 1790 1324 1913 1389; x_wconf 85' lang='lat' dir='ltr'><strong>DE</strong></span> 
     </span>
    </p>
   </div>
   <div class='ocr_carea' id='block_1_2' title="bbox 731 1504 2968 1784">
    <p class='ocr_par' dir='ltr' id='par_1_2' title="bbox 731 1504 2968 1784">
     <span class='ocr_line' id='line_1_2' title="bbox 731 1504 2968 1615; baseline -0.003 -17"><span class='ocrx_word' id='word_1_3' title='bbox 731 1504 1376 1598; x_wconf 80' lang='lat' dir='ltr'><strong>AESOHYLI</strong></span> <span class='ocrx_word' id='word_1_4' title='bbox 1414 1504 2455 1615; x_wconf 78' lang='lat' dir='ltr'>MYRMIDONJBVS,</span> <span class='ocrx_word' id='word_1_5' title='bbox 2516 1506 2968 1596; x_wconf 82' lang='lat' dir='ltr'>NEREI-</span> 
     </span>
     <span class='ocr_line' id='line_1_3' title="bbox 1237 1672 2460 1784; baseline -0.002 -21"><span class='ocrx_word' id='word_1_6' title='bbox 1237 1674 1658 1784; x_wconf 82' lang='lat' dir='ltr'>DJBVS,</span> <span class='ocrx_word' id='word_1_7' title='bbox 1728 1672 2460 1765; x_wconf 81' lang='lat' dir='ltr'><strong>PHRYGfflvs</strong></span> 
     </span>
    </p>
   </div>
   <div class='ocr_carea' id='block_1_3' title="bbox 1449 1894 2244 1994">
    <p class='ocr_par' dir='ltr' id='par_1_3' title="bbox 1449 1894 2244 1994">
     <span class='ocr_line' id='line_1_4' title="bbox 1449 1894 2244 1994; baseline 0.001 -23"><span class='ocrx_word' id='word_1_8' title='bbox 1449 1894 2126 1975; x_wconf 79' lang='lat' dir='ltr'><strong>nlssERTATro</strong></span> <span class='ocrx_word' id='word_1_9' title='bbox 2142 1898 2244 1994; x_wconf 61' lang='grc'><strong>11).</strong></span> 
     </span>
    </p>
   </div>
   <div class='ocr_carea' id='block_1_4' title="bbox 1649 2143 2064 2162">
    <p class='ocr_par' dir='ltr' id='par_1_4' title="bbox 1649 2143 2064 2162">
     <span class='ocr_line' id='line_1_5' title="bbox 1649 2143 2064 2162; baseline 0 3155"><span class='ocrx_word' id='word_1_10' title='bbox 1649 2143 2064 2162; x_wconf 95' lang='lat' dir='ltr'><strong> </strong></span> 
     </span>
    </p>
   </div>
   <div class='ocr_carea' id='block_1_5' title="bbox 734 2307 3219 3881">
    <p class='ocr_par' dir='ltr' id='par_1_5' title="bbox 734 2307 3219 3572">
     <span class='ocr_line' id='line_1_6' title="bbox 736 2307 2970 2443; baseline -0.001 -24"><span class='ocrx_word' id='word_1_11' title='bbox 736 2307 1235 2443; x_wconf 79' lang='lat' dir='ltr'>Myrmidones</span> <span class='ocrx_word' id='word_1_12' title='bbox 1285 2343 1599 2441; x_wconf 78' lang='lat' dir='ltr'><strong>Aeschyli</strong></span> <span class='ocrx_word' id='word_1_13' title='bbox 1651 2354 1721 2420; x_wconf 89' lang='lat' dir='ltr'><strong>et</strong></span> <span class='ocrx_word' id='word_1_14' title='bbox 1768 2344 2088 2419; x_wconf 88' lang='lat' dir='ltr'><strong>Nereides</strong></span> <span class='ocrx_word' id='word_1_15' title='bbox 2139 2356 2206 2420; x_wconf 91' lang='lat' dir='ltr'><strong>et</strong></span> <span class='ocrx_word' id='word_1_16' title='bbox 2253 2344 2545 2442; x_wconf 79' lang='lat' dir='ltr'>Phryges</span> <span class='ocrx_word' id='word_1_17' title='bbox 2597 2368 2734 2420; x_wconf 84' lang='lat' dir='ltr'><strong>una</strong></span> <span class='ocrx_word' id='word_1_18' title='bbox 2782 2345 2970 2418; x_wconf 86' lang='lat' dir='ltr'><strong>trilo-</strong></span> 
     </span>
     <span class='ocr_line' id='line_1_7' title="bbox 736 2448 2968 2547; baseline -0.001 -26"><span class='ocrx_word' id='word_1_19' title='bbox 736 2450 848 2546; x_wconf 85' lang='lat' dir='ltr'><strong>gia</strong></span> <span class='ocrx_word' id='word_1_20' title='bbox 898 2449 1400 2547; x_wconf 88' lang='lat' dir='ltr'><strong>comprehensos</strong></span> <span class='ocrx_word' id='word_1_21' title='bbox 1451 2448 1655 2521; x_wconf 88' lang='lat' dir='ltr'><strong>fuisse</strong></span> <span class='ocrx_word' id='word_1_22' title='bbox 1709 2449 2102 2522; x_wconf 80' lang='lat' dir='ltr'><strong>continuitas</strong></span> <span class='ocrx_word' id='word_1_23' title='bbox 2152 2451 2518 2544; x_wconf 81' lang='lat' dir='ltr'><strong>argumenti</strong></span> <span class='ocrx_word' id='word_1_24' title='bbox 2540 2449 2815 2523; x_wconf 89' lang='lat' dir='ltr'><strong>credere</strong></span> <span class='ocrx_word' id='word_1_25' title='bbox 2862 2448 2968 2519; x_wconf 90' lang='lat' dir='ltr'><strong>iu-</strong></span> 
     </span>
     <span class='ocr_line' id='line_1_8' title="bbox 734 2546 2969 2647; baseline -0.003 -23"><span class='ocrx_word' id='word_1_26' title='bbox 734 2552 873 2624; x_wconf 90' lang='lat' dir='ltr'><strong>bet.</strong></span> <span class='ocrx_word' id='word_1_27' title='bbox 977 2550 1271 2624; x_wconf 87' lang='lat' dir='ltr'><strong>Praeivit</strong></span> <span class='ocrx_word' id='word_1_28' title='bbox 1332 2548 1663 2646; x_wconf 79' lang='lat' dir='ltr'><strong>Aeschylo</strong></span> <span class='ocrx_word' id='word_1_29' title='bbox 1727 2550 2055 2624; x_wconf 83' lang='lat' dir='ltr'><strong>Homerus</strong></span> <span class='ocrx_word' id='word_1_30' title='bbox 2069 2603 2095 2645; x_wconf 82' lang='grc'>,</span> <span class='ocrx_word' id='word_1_31' title='bbox 2147 2549 2514 2647; x_wconf 78' lang='lat' dir='ltr'><strong>Aeschylus</strong></span> <span class='ocrx_word' id='word_1_32' title='bbox 2561 2549 2757 2626; x_wconf 91' lang='lat' dir='ltr'><strong>Attio</strong></span> <span class='ocrx_word' id='word_1_33' title='bbox 2773 2603 2800 2645; x_wconf 83' lang='grc'>,</span> <span class='ocrx_word' id='word_1_34' title='bbox 2864 2546 2969 2647; x_wconf 84' lang='lat' dir='ltr'><strong>qui</strong></span> 
     </span>
     <span class='ocr_line' id='line_1_9' title="bbox 736 2650 2968 2752; baseline -0.001 -27"><span class='ocrx_word' id='word_1_35' title='bbox 736 2654 868 2725; x_wconf 89' lang='lat' dir='ltr'><strong>nisi</strong></span> <span class='ocrx_word' id='word_1_36' title='bbox 917 2661 1120 2727; x_wconf 90' lang='lat' dir='ltr'><strong>totam</strong></span> <span class='ocrx_word' id='word_1_37' title='bbox 1170 2654 1520 2750; x_wconf 80' lang='lat' dir='ltr'><strong>trilogiam,</strong></span> <span class='ocrx_word' id='word_1_38' title='bbox 1575 2662 1754 2726; x_wconf 88' lang='lat' dir='ltr'><strong>certe</strong></span> <span class='ocrx_word' id='word_1_39' title='bbox 1806 2654 1968 2726; x_wconf 88' lang='lat' dir='ltr'><strong>duas</strong></span> <span class='ocrx_word' id='word_1_40' title='bbox 2033 2654 2285 2752; x_wconf 86' lang='lat' dir='ltr'><strong>priores</strong></span> <span class='ocrx_word' id='word_1_41' title='bbox 2350 2656 2723 2751; x_wconf 82' lang='lat' dir='ltr'><strong>tragoedias</strong></span> <span class='ocrx_word' id='word_1_42' title='bbox 2788 2650 2968 2726; x_wconf 85' lang='lat' dir='ltr'><strong>vide-</strong></span> 
     </span>
     <span class='ocr_line' id='line_1_10' title="bbox 736 2754 2969 2855; baseline -0.002 -24"><span class='ocrx_word' id='word_1_43' title='bbox 736 2765 848 2831; x_wconf 84' lang='lat' dir='ltr'><strong>tur</strong></span> <span class='ocrx_word' id='word_1_44' title='bbox 895 2755 1177 2829; x_wconf 86' lang='lat' dir='ltr'><strong>Latinas</strong></span> <span class='ocrx_word' id='word_1_45' title='bbox 1227 2758 1490 2831; x_wconf 81' lang='lat' dir='ltr'><strong>fecisse.</strong></span> <span class='ocrx_word' id='word_1_46' title='bbox 1593 2754 1842 2830; x_wconf 88' lang='lat' dir='ltr'><strong>Hinc</strong></span> <span class='ocrx_word' id='word_1_47' title='bbox 1821 2783 1891 2828; x_wconf 91' lang='grc'><strong>111</strong></span> <span class='ocrx_word' id='word_1_48' title='bbox 1938 2757 2054 2829; x_wconf 92' lang='lat' dir='ltr'><strong>illa</strong></span> <span class='ocrx_word' id='word_1_49' title='bbox 2088 2754 2337 2830; x_wconf 82' lang='lat' dir='ltr'><strong>Graeci</strong></span> <span class='ocrx_word' id='word_1_50' title='bbox 2367 2766 2602 2854; x_wconf 87' lang='lat' dir='ltr'><strong>poetae</strong></span> <span class='ocrx_word' id='word_1_51' title='bbox 2642 2759 2969 2855; x_wconf 80' lang='lat' dir='ltr'><strong>fragmen-</strong></span> 
     </span>
     <span class='ocr_line' id='line_1_11' title="bbox 737 2858 2968 2959; baseline -0.002 -26"><span class='ocrx_word' id='word_1_52' title='bbox 737 2868 956 2933; x_wconf 86' lang='lat' dir='ltr'><strong>torum</strong></span> <span class='ocrx_word' id='word_1_53' title='bbox 1002 2860 1374 2957; x_wconf 87' lang='lat' dir='ltr'><strong>paucitate·</strong></span> <span class='ocrx_word' id='word_1_54' title='bbox 1401 2860 1646 2959; x_wconf 85' lang='lat' dir='ltr'><strong>aliquid</strong></span> <span class='ocrx_word' id='word_1_55' title='bbox 1710 2860 1794 2931; x_wconf 91' lang='lat' dir='ltr'><strong>ad</strong></span> <span class='ocrx_word' id='word_1_56' title='bbox 1860 2859 2268 2932; x_wconf 85' lang='lat' dir='ltr'><strong>divinandam</strong></span> <span class='ocrx_word' id='word_1_57' title='bbox 2327 2860 2769 2933; x_wconf 82' lang='lat' dir='ltr'><strong>inventionem</strong></span> <span class='ocrx_word' id='word_1_58' title='bbox 2833 2858 2968 2929; x_wconf 85' lang='lat' dir='ltr'><strong>fra-</strong></span> 
     </span>
     <span class='ocr_line' id='line_1_12' title="bbox 738 2960 2970 3060; baseline -0.004 -24"><span class='ocrx_word' id='word_1_59' title='bbox 738 2972 1001 3060; x_wconf 83' lang='lat' dir='ltr'><strong>gmenta</strong></span> <span class='ocrx_word' id='word_1_60' title='bbox 1052 2964 1394 3037; x_wconf 84' lang='lat' dir='ltr'><strong>conferunt</strong></span> <span class='ocrx_word' id='word_1_61' title='bbox 1442 2962 1638 3036; x_wconf 87' lang='lat' dir='ltr'><strong>Attii.</strong></span> <span class='ocrx_word' id='word_1_62' title='bbox 1768 2960 1901 3036; x_wconf 88' lang='lat' dir='ltr'><strong>Est</strong></span> <span class='ocrx_word' id='word_1_63' title='bbox 1977 2972 2192 3036; x_wconf 90' lang='lat' dir='ltr'><strong>autem</strong></span> <span class='ocrx_word' id='word_1_64' title='bbox 2256 2987 2339 3035; x_wconf 91' lang='lat' dir='ltr'><strong>ea</strong></span> <span class='ocrx_word' id='word_1_65' title='bbox 2399 2964 2469 3033; x_wconf 94' lang='lat' dir='ltr'><strong>in</strong></span> <span class='ocrx_word' id='word_1_66' title='bbox 2534 2987 2608 3035; x_wconf 90' lang='lat' dir='ltr'><strong>re</strong></span> <span class='ocrx_word' id='word_1_67' title='bbox 2663 2969 2857 3036; x_wconf 90' lang='lat' dir='ltr'><strong>caute</strong></span> <span class='ocrx_word' id='word_1_68' title='bbox 2906 2966 2970 3029; x_wconf 89' lang='lat' dir='ltr'><strong>et</strong></span> 
     </span>
     <span class='ocr_line' id='line_1_13' title="bbox 739 3058 2969 3164; baseline -0.001 -26"><span class='ocrx_word' id='word_1_69' title='bbox 739 3067 1007 3164; x_wconf 78' lang='lat' dir='ltr'><strong>provide</strong></span> <span class='ocrx_word' id='word_1_70' title='bbox 1054 3067 1563 3164; x_wconf 84' lang='lat' dir='ltr'><strong>procedendum,</strong></span> <span class='ocrx_word' id='word_1_71' title='bbox 1628 3089 1713 3138; x_wconf 93' lang='lat' dir='ltr'><strong>ne</strong></span> <span class='ocrx_word' id='word_1_72' title='bbox 1764 3067 1907 3163; x_wconf 85' lang='lat' dir='ltr'><strong>quis</strong></span> <span class='ocrx_word' id='word_1_73' title='bbox 1975 3074 2217 3139; x_wconf 87' lang='lat' dir='ltr'><strong>temere</strong></span> <span class='ocrx_word' id='word_1_74' title='bbox 2267 3063 2510 3161; x_wconf 83' lang='lat' dir='ltr'><strong>fingat,</strong></span> <span class='ocrx_word' id='word_1_75' title='bbox 2581 3089 2750 3163; x_wconf 85' lang='lat' dir='ltr'><strong>quae</strong></span> <span class='ocrx_word' id='word_1_76' title='bbox 2816 3058 2969 3135; x_wconf 86' lang='lat' dir='ltr'><strong>nihil</strong></span> 
     </span>
     <span class='ocr_line' id='line_1_14' title="bbox 738 3167 2970 3282; baseline -0.003 -43"><span class='ocrx_word' id='word_1_77' title='bbox 738 3191 1015 3265; x_wconf 88' lang='lat' dir='ltr'><strong>usquam</strong></span> <span class='ocrx_word' id='word_1_78' title='bbox 1063 3168 1464 3242; x_wconf 85' lang='lat' dir='ltr'><strong>fundamenti</strong></span> <span class='ocrx_word' id='word_1_79' title='bbox 1514 3168 1818 3240; x_wconf 88' lang='lat' dir='ltr'><strong>habeant.</strong></span> <span class='ocrx_word' id='word_1_80' title='bbox 1922 3167 2004 3240; x_wconf 91' lang='lat' dir='ltr'><strong>In</strong></span> <span class='ocrx_word' id='word_1_81' title='bbox 2055 3168 2568 3270; x_wconf 84' lang='lat' dir='ltr'><strong>Myrmidonibus</strong></span> <span class='ocrx_word' id='word_1_82' title='bbox 2582 3220 2607 3262; x_wconf 84' lang='lat'><strong><em>,</em></strong></span> <span class='ocrx_word' id='word_1_83' title='bbox 2665 3173 2970 3282; x_wconf 79' lang='lat' dir='ltr'><strong>quantum</strong></span> 
     </span>
     <span class='ocr_line' id='line_1_15' title="bbox 738 3265 3219 3368; baseline -0.002 -25"><span class='ocrx_word' id='word_1_84' title='bbox 738 3270 959 3366; x_wconf 83' lang='lat' dir='ltr'><strong>colligi</strong></span> <span class='ocrx_word' id='word_1_85' title='bbox 1008 3278 1251 3366; x_wconf 84' lang='lat' dir='ltr'><strong>potest,</strong></span> <span class='ocrx_word' id='word_1_86' title='bbox 1304 3266 1602 3343; x_wconf 87' lang='lat' dir='ltr'><strong>Achilles</strong></span> <span class='ocrx_word' id='word_1_87' title='bbox 1656 3296 1853 3368; x_wconf 87' lang='lat' dir='ltr'><strong>quum</strong></span> <span class='ocrx_word' id='word_1_88' title='bbox 1902 3271 2207 3367; x_wconf 88' lang='lat' dir='ltr'><strong>precibus</strong></span> <span class='ocrx_word' id='word_1_89' title='bbox 2276 3278 2343 3343; x_wconf 89' lang='lat' dir='ltr'><strong>et</strong></span> <span class='ocrx_word' id='word_1_90' title='bbox 2408 3273 2804 3345; x_wconf 88' lang='lat' dir='ltr'><strong>necessitate</strong></span> <span class='ocrx_word' id='word_1_91' title='bbox 2868 3265 2967 3339; x_wconf 77' lang='lat' dir='ltr'><strong>vi-</strong></span> <span class='ocrx_word' id='word_1_92' title='bbox 3218 3351 3219 3358; x_wconf 7' lang='grc' dir='ltr'>χ</span> 
     </span>
     <span class='ocr_line' id='line_1_16' title="bbox 740 3367 3219 3471; baseline 0.002 -26"><span class='ocrx_word' id='word_1_93' title='bbox 740 3380 887 3445; x_wconf 85' lang='lat' dir='ltr'><strong>ctus</strong></span> <span class='ocrx_word' id='word_1_94' title='bbox 939 3372 1200 3445; x_wconf 89' lang='lat' dir='ltr'><strong>tandem</strong></span> <span class='ocrx_word' id='word_1_95' title='bbox 1248 3371 1631 3445; x_wconf 89' lang='lat' dir='ltr'><strong>Patroclum</strong></span> <span class='ocrx_word' id='word_1_96' title='bbox 1682 3374 1752 3443; x_wconf 94' lang='lat' dir='ltr'><strong>in</strong></span> <span class='ocrx_word' id='word_1_97' title='bbox 1813 3375 2138 3471; x_wconf 88' lang='lat' dir='ltr'><strong>proelium</strong></span> <span class='ocrx_word' id='word_1_98' title='bbox 2186 3374 2284 3445; x_wconf 90' lang='lat' dir='ltr'><strong>ire</strong></span> <span class='ocrx_word' id='word_1_99' title='bbox 2335 3398 2568 3471; x_wconf 88' lang='lat' dir='ltr'><strong>passus</strong></span> <span class='ocrx_word' id='word_1_100' title='bbox 2621 3381 2822 3464; x_wconf 87' lang='lat' dir='ltr'><strong>esset,</strong></span> <span class='ocrx_word' id='word_1_101' title='bbox 2872 3370 2969 3440; x_wconf 81' lang='lat' dir='ltr'><strong>is</strong></span> <span class='ocrx_word' id='word_1_102' title='bbox 3086 3444 3092 3450; x_wconf 91' lang='lat'><strong>.</strong></span> <span class='ocrx_word' id='word_1_103' title='bbox 3218 3367 3219 3370; x_wconf 24' lang='lat'>¹</span> 
     </span>
     <span class='ocr_line' id='line_1_17' title="bbox 740 3471 2967 3572; baseline -0.002 -26"><span class='ocrx_word' id='word_1_104' title='bbox 740 3500 868 3572; x_wconf 89' lang='lat' dir='ltr'><strong>que</strong></span> <span class='ocrx_word' id='word_1_105' title='bbox 918 3483 1093 3548; x_wconf 90' lang='lat' dir='ltr'><strong>esset</strong></span> <span class='ocrx_word' id='word_1_106' title='bbox 1143 3473 1225 3547; x_wconf 90' lang='lat' dir='ltr'><strong>ab</strong></span> <span class='ocrx_word' id='word_1_107' title='bbox 1274 3474 1567 3548; x_wconf 87' lang='lat' dir='ltr'><strong>Hectore</strong></span> <span class='ocrx_word' id='word_1_108' title='bbox 1618 3476 1907 3568; x_wconf 87' lang='lat' dir='ltr'><strong>occisus,</strong></span> <span class='ocrx_word' id='word_1_109' title='bbox 1959 3484 2283 3549; x_wconf 90' lang='lat' dir='ltr'><strong>mortuum</strong></span> <span class='ocrx_word' id='word_1_110' title='bbox 2325 3476 2623 3550; x_wconf 89' lang='lat' dir='ltr'><strong>deflebat.</strong></span> <span class='ocrx_word' id='word_1_111' title='bbox 2730 3471 2967 3548; x_wconf 89' lang='lat' dir='ltr'><strong>Nerei-</strong></span> 
     </span>
    </p>

    <p class='ocr_par' dir='ltr' id='par_1_6' title="bbox 743 3574 2965 3881">
     <span class='ocr_line' id='line_1_18' title="bbox 744 3574 2963 3677; baseline -0.002 -28"><span class='ocrx_word' id='word_1_112' title='bbox 744 3578 861 3649; x_wconf 87' lang='lat' dir='ltr'><strong>des</strong></span> <span class='ocrx_word' id='word_1_113' title='bbox 911 3602 1197 3675; x_wconf 83' lang='lat' dir='ltr'><strong>pugnam</strong></span> <span class='ocrx_word' id='word_1_114' title='bbox 1245 3574 1565 3671; x_wconf 81' lang='lat' dir='ltr'><strong>Achillis,</strong></span> <span class='ocrx_word' id='word_1_115' title='bbox 1621 3578 1732 3675; x_wconf 86' lang='lat' dir='ltr'><strong>qui</strong></span> <span class='ocrx_word' id='word_1_116' title='bbox 1781 3603 1950 3652; x_wconf 87' lang='lat' dir='ltr'><strong>nova</strong></span> <span class='ocrx_word' id='word_1_117' title='bbox 2000 3603 2042 3650; x_wconf 87' lang='lat' dir='ltr'><strong>a</strong></span> <span class='ocrx_word' id='word_1_118' title='bbox 2089 3588 2297 3651; x_wconf 91' lang='lat' dir='ltr'><strong>matre</strong></span> <span class='ocrx_word' id='word_1_119' title='bbox 2350 3604 2530 3651; x_wconf 88' lang='lat' dir='ltr'><strong>arma</strong></span> <span class='ocrx_word' id='word_1_120' title='bbox 2581 3578 2963 3677; x_wconf 85' lang='lat' dir='ltr'><strong>accepisset,</strong></span> 
     </span>
     <span class='ocr_line' id='line_1_19' title="bbox 744 3679 2965 3779; baseline -0.003 -28"><span class='ocrx_word' id='word_1_121' title='bbox 744 3704 1098 3776; x_wconf 84' lang='lat' dir='ltr'><strong>necemque</strong></span> <span class='ocrx_word' id='word_1_122' title='bbox 1161 3680 1473 3753; x_wconf 88' lang='lat' dir='ltr'><strong>Hectoris</strong></span> <span class='ocrx_word' id='word_1_123' title='bbox 1544 3680 1841 3753; x_wconf 85' lang='lat' dir='ltr'><strong>videntur</strong></span> <span class='ocrx_word' id='word_1_124' title='bbox 1919 3682 2340 3754; x_wconf 88' lang='lat' dir='ltr'><strong>continuisse.</strong></span> <span class='ocrx_word' id='word_1_125' title='bbox 2463 3681 2543 3753; x_wconf 93' lang='lat' dir='ltr'><strong>In</strong></span> <span class='ocrx_word' id='word_1_126' title='bbox 2609 3679 2965 3779; x_wconf 78' lang='lat' dir='ltr'><strong>Phrygibus</strong></span> 
     </span>
     <span class='ocr_line' id='line_1_20' title="bbox 743 3777 2298 3881; baseline 0.002 -26"><span class='ocrx_word' id='word_1_127' title='bbox 743 3777 1047 3856; x_wconf 88' lang='lat' dir='ltr'><strong>Priamus</strong></span> <span class='ocrx_word' id='word_1_128' title='bbox 1097 3808 1337 3881; x_wconf 87' lang='lat' dir='ltr'><strong>corpus</strong></span> <span class='ocrx_word' id='word_1_129' title='bbox 1387 3780 1506 3854; x_wconf 86' lang='lat' dir='ltr'><strong>filii</strong></span> <span class='ocrx_word' id='word_1_130' title='bbox 1557 3785 1638 3856; x_wconf 88' lang='lat' dir='ltr'><strong>ab</strong></span> <span class='ocrx_word' id='word_1_131' title='bbox 1690 3782 1951 3858; x_wconf 91' lang='lat' dir='ltr'><strong>Achille</strong></span> <span class='ocrx_word' id='word_1_132' title='bbox 2002 3785 2298 3858; x_wconf 86' lang='lat' dir='ltr'><strong>redemit.</strong></span> 
     </span>
    </p>
   </div>
   <div class='ocr_carea' id='block_1_6' title="bbox 746 3911 3219 4320">
    <p class='ocr_par' dir='ltr' id='par_1_7' title="bbox 746 3899 3219 4299">
     <span class='ocr_line' id='line_1_21' title="bbox 1282 3911 3219 4034; baseline 0.002 -5"><span class='ocrx_word' id='word_1_133' title='bbox 1282 3953 2441 4031; x_wconf 80' lang='lat' dir='ltr'><strong>MYRMIDONEs.</strong></span> <span class='ocrx_word' id='word_1_134' title='bbox 3214 3911 3219 4034; x_wconf 61' lang='lat'>4</span> 
     </span>
     <span class='ocr_line' id='line_1_22' title="bbox 898 4090 2963 4224; baseline -0.004 -58.798"><span class='ocrx_word' id='word_1_135' title='bbox 898 4090 1217 4166; x_wconf 89' lang='lat' dir='ltr'><strong>Initium</strong></span> <span class='ocrx_word' id='word_1_136' title='bbox 1290 4092 1549 4168; x_wconf 88' lang='lat' dir='ltr'><strong>fabulae</strong></span> <span class='ocrx_word' id='word_1_137' title='bbox 1632 4095 1914 4169; x_wconf 87' lang='lat' dir='ltr'><strong>servavit</strong></span> <span class='ocrx_word' id='word_1_138' title='bbox 1991 4094 2429 4224; x_wconf 84' lang='lat' dir='ltr'><strong>Harpocratio</strong></span> <span class='ocrx_word' id='word_1_139' title='bbox 2444 4145 2470 4187; x_wconf 82' lang='grc'>,</span> <span class='ocrx_word' id='word_1_140' title='bbox 2540 4094 2714 4191; x_wconf 85' lang='lat' dir='ltr'><strong>apud</strong></span> <span class='ocrx_word' id='word_1_141' title='bbox 2783 4108 2963 4187; x_wconf 88' lang='lat' dir='ltr'><strong>quem</strong></span> 
     </span>
     <span class='ocr_line' id='line_1_23' title="bbox 746 4190 2961 4320; baseline 0.003 -55"><span class='ocrx_word' id='word_1_142' title='bbox 746 4194 910 4269; x_wconf 84' lang='lat' dir='ltr'><strong>haec</strong></span> <span class='ocrx_word' id='word_1_143' title='bbox 933 4195 1273 4320; x_wconf 83' lang='lat' dir='ltr'><strong>leguntur.</strong></span> <span class='ocrx_word' id='word_1_144' title='bbox 1325 4195 1932 4299; x_wconf 77' lang='grc' dir='ltr'><strong><em>προπεπωκότες,</em></strong></span> <span class='ocrx_word' id='word_1_145' title='bbox 1987 4197 2161 4275; x_wconf 79' lang='grc' dir='ltr'><em>ἄντι</em></span> <span class='ocrx_word' id='word_1_146' title='bbox 2205 4204 2344 4273; x_wconf 83' lang='grc' dir='ltr'><strong>τοῦ</strong></span> <span class='ocrx_word' id='word_1_147' title='bbox 2394 4190 2961 4298; x_wconf 65' lang='grc' dir='ltr'><em>προδέδωκότες</em></span> 
     </span>
    </p>
   </div>
   <div class='ocr_carea' id='block_1_7' title="bbox 3214 2317 3223 3340">
    <p class='ocr_par' dir='ltr' id='par_1_8' title="bbox 3214 2317 3223 3340">
     <span class='ocr_line' id='line_1_24' title="bbox 3214 2317 3223 3340; baseline 0 0"><span class='ocrx_word' id='word_1_148' title='bbox 3214 2317 3223 3340; x_wconf 95' lang='lat' dir='ltr'><strong> </strong></span> 
     </span>
    </p>
   </div>
   <div class='ocr_carea' id='block_1_8' title="bbox 740 4370 1299 4387">
    <p class='ocr_par' dir='ltr' id='par_1_9' title="bbox 740 4370 1299 4387">
     <span class='ocr_line' id='line_1_25' title="bbox 740 4370 1299 4387; baseline 0 930"><span class='ocrx_word' id='word_1_149' title='bbox 740 4370 1299 4387; x_wconf 95' lang='lat' dir='ltr'><strong> </strong></span> 
     </span>
    </p>
   </div>
   <div class='ocr_carea' id='block_1_9' title="bbox 921 4466 1646 4549">
    <p class='ocr_par' dir='ltr' id='par_1_10' title="bbox 921 4466 1646 4549">
     <span class='ocr_line' id='line_1_26' title="bbox 921 4466 1646 4549; baseline 0.013 -20.375"><span class='ocrx_word' id='word_1_150' title='bbox 921 4466 978 4549; x_wconf 85' lang='grc'><strong>*)</strong></span> <span class='ocrx_word' id='word_1_151' title='bbox 1017 4468 1192 4530; x_wconf 83' lang='lat' dir='ltr'><strong>Edita</strong></span> <span class='ocrx_word' id='word_1_152' title='bbox 1234 4480 1323 4533; x_wconf 80' lang='lat' dir='ltr'><strong>est</strong></span> <span class='ocrx_word' id='word_1_153' title='bbox 1363 4493 1417 4535; x_wconf 84' lang='lat' dir='ltr'><strong>a.</strong></span> <span class='ocrx_word' id='word_1_154' title='bbox 1463 4477 1646 4541; x_wconf 83' lang='lat'><strong>1833.</strong></span> 
     </span>
    </p>
   </div>
   <div class='ocr_carea' id='block_1_10' title="bbox 3213 28 3224 1428">
    <p class='ocr_par' dir='ltr' id='par_1_11' title="bbox 3213 28 3224 1428">
     <span class='ocr_line' id='line_1_27' title="bbox 3213 28 3224 1428; baseline 0 0"><span class='ocrx_word' id='word_1_155' title='bbox 3213 28 3224 1428; x_wconf 95' lang='lat' dir='ltr'><strong> </strong></span> 
     </span>
    </p>
   </div>
  </div>
 </body>
</html>
