3275 5317
434 378 668 449 QVID
710 377 873 440 SIT
934 375 1480 442 ΥΠΟΒΟΛΗ
1511 376 1636 439 ΕΤ
1688 377 2369 447 ΥΠΟΒΑΗΔΗΝ.
2433 380 2566 448 301

323 540 599 614 Homeri
648 539 941 613 carmina
985 540 1057 612 in
1103 538 1584 614 Panathmaeis
1634 540 1735 615 sic
1783 541 2064 615 recitare
2110 544 2325 617 iussos
2388 568 2565 639 esse,

323 653 398 717 ut
450 644 822 720 omitterent
871 668 1038 741 quae
1086 652 1513 742 praeceptum
1564 651 1742 718 esset
1793 645 2004 719 omitti
2017 699 2045 734 ,
2115 671 2281 744 quae
2347 655 2566 721 autem

322 747 663 822 recitanda
714 756 960 840 essent,
1010 748 1268 843 integra
1314 771 1524 845 neque
1573 748 1710 821 ullo
1761 748 1954 823 modo
2004 758 2256 823 mutata
2302 750 2565 847 profer-

322 858 495 926 rent.
598 847 884 923 Videtur
932 874 1088 947 ergo
1137 851 1276 926 fene
1328 850 1558 926 eadem
1605 875 1753 924 esse
1815 858 2086 949 putasse
2151 856 2229 937 ἐξ
2274 852 2566 949 ὑποβο-

269 1031 272 1034 A
323 962 452 1049 λῆς
502 960 572 1026 et
623 956 700 1038 ἐξ
749 949 1053 1052 ὑπολήψ
1054 981 1216 1041 cmg,
1268 954 1444 1052 quod
1491 955 1819 1052 posterius
1869 955 2157 1051 positum
2187 963 2292 1029 est
2320 980 2365 1030 a
2392 956 2568 1030 seri-

321 1065 514 1156 ptore
562 1056 952 1154 Hipparchi,
1006 1058 1119 1154 qui
1164 1058 1336 1132 inter
1383 1056 1765 1132 Platonicos
1831 1058 2127 1155 dialogos
2176 1059 2567 1134 circumfer-

320 1169 455 1253 tur,
507 1185 578 1257 p.
633 1162 812 1236 228.
861 1159 956 1236 B.
1005 1160 1119 1236 ubi
1168 1161 1267 1234 sic
1318 1168 1420 1236 est
1472 1160 1553 1234 de
1592 1159 1976 1258 Hipparcho
2026 1162 2384 1259 scriptum·
2435 1162 2567 1238 καὶ

320 1263 420 1339 τοὶ
462 1259 798 1361 Ομήρου
850 1264 985 1358 ε’πη
1036 1271 1337 1362 πρῶτος
1402 1260 1744 1360 ἐκόμισεν
1808 1269 1912 1349 εἰς
1975 1262 2115 1359 τὴν
2179 1272 2327 1367 γῆν
2374 1294 2564 1343 ταυ-

321 1365 521 1461 τηνί,
588 1365 719 1442 καὶ
796 1364 1175 1469 ἠνάγκασε
1240 1363 1418 1451 τοὺς
1497 1366 1906 1465 ῥαψῳδοὺς
1976 1367 2565 1464 Παναθηναίοις

322 1474 400 1555 ἐξ
464 1466 909 1567 ὑπολήψεως
981 1473 1239 1571 ἐφεξῆς
1304 1468 1512 1550 αὐτοὶ
1569 1470 1885 1566 clatum,
1953 1470 2192 1572 ω’ςπερ
2260 1480 2412 1550 νῦν
2462 1475 2572 1549 ἔτι

324 1574 482 1650 οἵδε
531 1581 855 1649 ποιοῦσι.

525 1674 787 1750 Eodem
848 1676 1045 1750 modo
1123 1675 1503 1750 Boeckhius
1575 1700 1835 1775 quoque
1900 1683 2242 1775 utramque
2307 1678 2571 1753 dicendi

320 1781 642 1856 rationem
693 1780 779 1854 ad
841 1780 1136 1856 eamdem
1201 1781 1587 1854 sententiam
1654 1781 1871 1855 redire
1928 1781 2163 1855 ‘statuit
2173 1798 2223 1873 ,·
2255 1782 2376 1856 sed
2425 1783 2571 1856 dis-

323 1884 502 1958 cedit
552 1884 636 1957 ab
684 1883 756 1957 N
753 1884 1031 1958 itzschio
1083 1907 1189 1975 eo,
1243 1882 1419 1981 quod
1468 1884 1914 1960 continuatam
1962 1884 2419 1959 recitationem
2467 1885 2570 1958 si-

321 1986 624 2084 gnificari
672 1995 886 2083 putat,
956 2009 1086 2085 qua
1141 1986 1317 2060 ¹alius
1367 1986 1732 2085 rhapsodus
1797 2012 1877 2062 eo
1941 1988 2092 2065 loco
2107 2038 2139 2081 ,
2203 2012 2332 2086 quo
2400 1988 2570 2062 alter

324 2091 658 2182 desiimus
707 2090 893 2163 illum
942 2090 1308 2187 exceperit,
1359 2115 1565 2187 eoque
1614 2090 1810 2164 modo
1858 2091 2084 2191 plures
2147 2098 2360 2166 totum
2409 2115 2569 2165 car-

326 2218 478 2268 men
524 2216 658 2266 uuo
708 2200 936 2267 tenore
987 2194 1070 2265 ab
1121 2193 1308 2268 initio
1362 2192 1447 2266 ad
1496 2192 1697 2268 finem
1742 2194 2143 2292 per-egerint.

530 2294 721 2369 Haec
772 2321 895 2392 ego
949 2320 1149 2393 quum
1199 2296 1570 2391 considero,
1621 2297 1848 2372 videor
1894 2297 2057 2372 mihi
2101 2305 2170 2371 et
2212 2296 2290 2370 in
2340 2321 2447 2386 eo,
2498 2298 2571 2371 in

328 2424 457 2497 quo
507 2399 926 2472 consentiunt
976 2399 1193 2493 ambo,
1282 2408 1351 2476 et
1414 2401 1487 2478 in
1548 2426 1679 2493 quo
1747 2402 2177 2493 dissentiunt,
2277 2400 2573 2474 nonnihil

329 2501 571 2576 erroris
622 2501 1130 2600 deprehendere.
1231 2496 1409 2574 Nam
1459 2524 1591 2571 nou
1644 2501 1871 2575 eadem
1937 2511 2091 2577 sunt
2158 2506 2234 2587 ἐξ
2281 2502 2575 2604 ὑποβο-

328 2612 456 2700 λῆς
509 2612 576 2678 et
627 2607 703 2689 ἐξ
735 2601 1251 2724 ὑπολήψεως,
1317 2601 1435 2673 sed
1501 2601 1982 2679 diversissima.
2049 2630 2373 2704 quumque
2439 2608 2574 2681 sint

330 2709 628 2800 diversa,
690 2707 816 2780 viri
877 2707 977 2778 illi
1041 2706 1232 2780 ambo
1298 2728 1509 2800 neque
1560 2704 1723 2777 illud
1771 2714 1956 2779 recte
2003 2704 2330 2801 fecerunt,
2394 2709 2574 2807 quod

327 2812 458 2884 ista
505 2810 681 2881 idem
731 2806 1100 2906 significare
1149 2813 1488 2937 putarunt,
1537 2830 1750 2904 neque
1798 2807 1869 2879 in
1920 2833 2001 2883 eo
2052 2809 2178 2882 sihi
2228 2811 2312 2883 ab
2346 2835 2574 2885 errore

331 2921 669 3006 caverunt,
722 2913 896 3011 quod
946 2912 1114 2985 alter
1161 2905 1567 3041 ὑπόληψιν,
1616 2918 1891 3008 uterque
1941 2911 2332 3011 ὑποβολὴν
2398 2915 2572 2988 male

331 3025 483 3090 sunt
531 3015 968 3114 interpretati.
1077 3011 1177 3087 Et
1226 3009 1620 3135 ὑπόληψιν
1659 3014 1917 3113 quidem
1958 3015 2336 3089 Boeckhius
2385 3024 2573 3092 recte

329 3121 491 3195 vidit
557 3119 1039 3216 susceptionem
1106 3117 1423 3191 sermonis
1492 3115 1661 3210 dici,
1743 3142 1942 3216 quum
2016 3119 2183 3193 alter
2243 3120 2450 3218 priori
2498 3121 2572 3193 in
2633 3126 2638 3130 ’

330 3221 606 3296 dicendo
657 3222 1075 3296 recitandove
1128 3220 1448 3295 succedit.
1547 3217 1619 3294 Ν
1618 3246 1705 3294 on
1757 3222 2032 3296 debebat
2096 3231 2315 3297 autem
2383 3248 2572 3297 eam-

331 3326 479 3399 dem
528 3332 921 3424 potestatem
988 3326 1186 3397 etiam
1251 3324 1439 3397 alteri
1503 3325 1819 3399 vocabulo
1887 3327 2200 3400 tribuere.
2303 3324 2387 3400 Iu
2438 3353 2570 3426 quo

332 3429 566 3503 ducem
619 3429 877 3529 quidem
926 3427 1151 3500 habuit
1198 3426 1518 3501 Wolfium
1533 3455 1555 3500 ε
1609 3428 1728 3501 sed
1763 3428 1966 3502 miror
2016 3454 2165 3525 ego,
2219 3430 2395 3528 quod
2443 3455 2570 3505 nec

330 3530 619 3605 Wolfius
684 3556 809 3605 nec
871 3530 1248 3604 Bocckhius
1264 3583 1291 3625 ,
1356 3555 1566 3631 neque
1630 3556 1788 3604 vero
1849 3530 2231 3605 Nitzschius
2296 3541 2571 3630 reputa-
2674 3605 2679 3614 ,

330 3643 509 3729 runt,
564 3660 757 3734 quam
809 3643 1117 3734 suspecto
1169 3642 1438 3709 auctore
1488 3635 1603 3708 illa
1644 3634 1905 3733 prodita
1953 3636 2043 3709 sit
2089 3635 2584 3735 interpretatio.

330 3735 463 3812 Est
526 3740 587 3811 is
661 3736 997 3835 Diogenes
1061 3736 1411 3827 LaertiuS‚
1489 3740 1773 3835 scriptor
1836 3739 2449 3835 negligentissimus,
2502 3746 2574 3814 et

332 3843 521 3917 cuius
571 3841 738 3915 liber
784 3842 1018 3939 plenus
1069 3849 1172 3916 est
1237 3841 1565 3914 erroribus
1625 3841 2037 3914 librariorum
2051 3867 2080 3926 ε,
2130 3851 2203 3916 ut
2247 3843 2365 3917 illo
2415 3843 2571 3941 qui-

333 3946 483 4022 dem
548 3946 622 4018 in
681 3945 832 4019 loco
847 3997 875 4037 ,
944 3945 1056 4018 ubi
1087 3991 1092 4000 ·
1118 3948 1195 4031 ἐξ
1256 3944 1636 4044 ὑποβολῆς
1698 3944 1989 4043 explicat
2048 3944 2214 4022 οἷον
2278 3945 2470 4021 ὅπου
2522 3944 2565 4021 ὅ

332 4049 632 4148 πρῶτος
663 4049 937 4145 ἔληξεν,
989 4053 1279 4127 ἐκεῖθεν
1304 4049 1678 4144 ἄρχεσθαι
1703 4047 1844 4125 τὸν
1876 4045 2260 4147 ἐχόμενον,
2301 4048 2568 4125 nescia·-

331 4176 480 4226 mus
541 4160 760 4226 utrum
825 4152 1033 4251 ipsius
1108 4151 1429 4252 Diogenis
1504 4152 1836 4227 levitatem
1898 4160 2129 4227 notare
2193 4152 2567 4248 debeamus,

332 4255 448 4353 qui
497 4255 603 4329 vel
668 4258 745 4340 ἐξ
793 4254 1175 4355 ὑποβολῆς
1223 4283 1347 4357 pro
1399 4259 1478 4342 ἐξ
1540 4252 1983 4356 ὑπολήψεως
2035 4256 2412 4355 scripserit,
2463 4256 2570 4330 vel
2662 4267 2719 4320 ἰ.

333 4383 421 4433 ex
471 4359 604 4433 alio
655 4365 953 4454 auctore,
1003 4360 1181 4459 apud
1231 4385 1425 4459 quem
1483 4383 1620 4435 non
1669 4366 1813 4434 erat
1860 4361 1938 4445 ἐξ
1985 4359 2392 4461 ὑποβολῆς,
2438 4384 2571 4459 11⁰·
