3275 5317
1013 462 1737 530 THEOCRITEAE.
2364 462 2492 531 lm

257 625 437 718 Quae
504 648 588 700 eo
661 625 1113 720 continentur,
1182 625 1296 699 vix
1360 625 1587 700 sinant
1650 624 1947 702 dubitare
2026 624 2185 724 quin
2264 633 2491 726 poeta,

254 753 444 829 quum
509 728 774 826 saepius
837 728 1083 803 frustra
1161 752 1429 827 operam
1493 727 1784 807 dedisset
1845 737 1923 803 ut
1984 729 2070 803 ad
2138 725 2497 802 Hieronem

254 831 724 925 admitteretur,
776 831 905 906 hoc
954 832 1026 905 id
1078 832 1368 906 carmine
1419 834 1736 931 consequi
1783 831 2130 907 studuerit.

448 930 547 1007 V.
599 939 678 1008 4.
729 932 1152 1031 Languidum
1202 942 1305 1008 est
1355 941 1424 1007 et
1471 935 1729 1030 inutile,
1805 934 1978 1035 quod
2020 932 2292 1033 quidam
2341 933 2492 1008 edi-

254 1037 517 1131 derant,
603 1039 844 1136 ἄμμες
912 1036 997 1113 δε
1071 1036 1343 1139 βροτοὶ
1419 1037 1597 1115 owe.
1729 1035 1858 1114 Sic
1935 1038 2319 1113 scribendus
2380 1036 2492 1111 hic

252 1164 475 1215 versus
492 1165 517 1212 z

455 1278 702 1377 ἄμμες
751 1274 836 1353 δὲ
886 1277 1178 1379 βροτοί,
1229 1280 1303 1355 οἳ
1352 1276 1437 1355 δὲ
1486 1277 1736 1382 βροτοὶ
1784 1276 2054 1381 βροτοὶ
2080 1276 2489 1356 ἀείδουσιν.

450 1412 550 1490 V.
604 1419 729 1489 24.
779 1412 1270 1517 Ineptissimum
1322 1441 1470 1492 esse
1521 1417 1697 1515 quod
1745 1415 1898 1489 libri
1944 1415 2212 1512 habent,
2262 1415 2350 1493 τὸ
2405 1415 2490 1493 δὲ

252 1517 371 1595 καί
419 1547 579 1596 τινι
629 1518 904 1595 δοῦναι
956 1518 1266 1609 ἀοιδῶν,
1317 1520 1583 1594 fuerunt
1634 1519 1747 1618 qui
1795 1518 2258 1616 intelligerent.
2305 1518 2494 1595 Poe-

253 1633 463 1704 tarum
513 1621 574 1696 si
624 1619 733 1696 hic
782 1624 1026 1698 mentio
1074 1621 1289 1719 fieret,
1340 1649 1474 1698 non
1522 1623 1740 1724 potuit
1787 1648 1854 1697 v.
1907 1626 2034 1699 29.
2088 1622 2248 1718 dici,

454 1756 863 1837 Μουσάων
911 1757 998 1836 δὲ
1045 1758 1376 1859 μάλιστα
1436 1759 1625 1839 τίειν
1675 1759 1921 1861 ἱεροὺς
1969 1756 2389 1861 ὖποφήτας.

254 1898 346 1971 Ibi
412 1923 576 1972 vero
645 1923 842 1996 quum
907 1899 1283 1972 necessaria
1358 1899 1448 1973 sit
1524 1896 2058 1974 commemoratio
2120 1906 2489 1995 poetm,

254 2002 351 2075 hic
404 2001 473 2075 ei
522 2003 712 2076 locus
760 2026 896 2075 non
946 2010 1206 2100 poterat
1254 2001 1554 2076 concedi.
1658 1999 1814 2076 Non
1862 2000 2035 2073 male
2060 2000 2291 2122 igitur·
2310 2000 2492 2074 Pas-

255 2106 469 2179 sovius
522 2106 763 2181 οἷίτῶν
812 2106 1123 2199 coniecit,
1176 2105 1297 2178 sed
1344 2130 1478 2179 non
1527 2112 1630 2178 est
1695 2112 1879 2179 recte
1931 2102 2012 2177 de
2064 2104 2330 2177 amasiis
2380 2103 2495 2178 in-

255 2215 691 2307 terpretatus:
741 2232 875 2281 non
925 2208 1098 2281 enim
1149 2208 1323 2306 quod
1373 2232 1735 2309 paucorum
1769 2206 2102 2281 hominum
2126 2206 2494 2307 proprium,

256 2312 361 2384 sed
414 2311 592 2410 quod
643 2336 983 2401 commune
1036 2313 1321 2385 omnium
1372 2320 1589 2405 esset,
1642 2312 1752 2385 hic
1798 2319 1940 2384 erat
1970 2335 2495 2386 commemoran-

258 2414 426 2487 dum.
530 2390 742 2511 Atqui
791 2413 999 2489 ἅϊταὶ
1045 2416 1266 2489 vocati
1314 2424 1469 2489 sunt
1520 2415 1719 2490 etiam
1748 2417 2092 2513 ἑταῖροι,
2156 2413 2207 2487 i.
2260 2438 2324 2487 e.
2378 2415 2493 2512 qni

259 2517 429 2591 dicto
482 2518 821 2589 audientes
875 2524 1129 2591 essent.
1198 2518 1279 2591 de
1331 2543 1459 2617 qno
1526 2517 1842 2592 vocabulo
1894 2516 2207 2592 videndus
2255 2516 2491 2591 Bach-

260 2642 524 2694 mannus
575 2619 661 2692 ad
708 2617 1046 2717 Lycophr.
1102 2624 1282 2695 461.
1410 2619 1567 2695 Non
1633 2629 1737 2694 est
1801 2629 2023 2695 tamen
2085 2620 2224 2693 veri
2277 2620 2490 2694 simile

260 2721 374 2797 hoc
442 2722 836 2797 Thessalico
901 2724 1097 2799 verbo
1160 2724 1273 2798 hic
1337 2749 1530 2797 usum
1595 2748 1742 2798 esse
1808 2723 2283 2815 Theocritum,
2349 2731 2490 2797 tum

259 2833 519 2926 propter
568 2826 1078 2922 ambiguitatem,
1131 2828 1436 2925 quoniam
1485 2826 1719 2899 amasii
1767 2825 2169 2923 significatu
2204 2849 2493 2924 usurpa-

263 2930 349 3002 vit
403 2930 477 3002 in
544 2929 822 3003 caeteris
886 2929 1097 3049 locis,
1162 2928 1335 3003 XII.
1411 2933 1531 3003 14.
1602 2932 1729 3003 20.
1796 2926 2081 3000 ΧΧΠΙ.
2154 2931 2282 3001 63.

263 3031 424 3131 quod
446 3032 767 3105 librarii“
721 3058 795 3125 ιι,
850 3033 962 3131 qui
1013 3039 1300 3106 veterem
1352 3033 1747 3131 scripturam
1796 3037 2162 3123 servarunt,
2216 3030 2491 3109 ἆϊτεων

264 3136 663 3233 posuissent,
643 3161 662 3180 ·
712 3135 812 3206 illi
860 3143 1104 3229 autem,
1157 3136 1269 3233 qui
1318 3135 1639 3210 Doricam
1701 3133 2053 3208 dialectum
2102 3133 2488 3230 intulerunt,

264 3239 670 3339 scripsissent
720 3239 973 3315 ἇΐτᾶν.
1079 3235 1334 3313 Ordine
1384 3236 1789 3314 memorandi
1836 3244 2047 3330 erant,
2100 3237 2331 3334 quibus
2361 3239 2493 3310 ali-

266 3365 443 3438 quem
490 3343 661 3415 bene
709 3342 931 3415 facere
982 3342 1283 3417 deceret.
1332 3343 1547 3442 primo
1578 3341 1753 3414 sibi
1731 3340 1886 3441 ipsi,
1939 3339 2171 3416 deinde
2201 3340 2490 3414 familia-

264 3444 455 3538 ribus,
507 3453 651 3519 tum
697 3445 878 3542 genti
927 3468 1085 3519 suae
1099 3497 1126 3539 ,
1192 3454 1525 3545 postremo
1576 3445 1724 3518 aliis
1789 3443 2299 3544 quibuscumque
2361 3443 2494 3519 ho-

266 3547 554 3623 minibus.
664 3547 889 3641 Quare
939 3548 1353 3624 scribendum
1401 3557 1602 3649 puto·

381 3701 389 3708 ’
455 3683 648 3762 αλλὰ
672 3684 760 3761 τὸ
786 3683 931 3782 μὲν
965 3694 1208 3786 ψυχᾷ,
1261 3683 1348 3763 τὸ
1392 3685 1476 3763 δὲ
1518 3681 1651 3762 καί
1685 3713 1837 3761 τινι
1886 3683 2166 3763 δοῦναι
2214 3680 2487 3778 αόζων.

264 3819 353 3895 Ei
396 3847 528 3897 non
575 3831 755 3916 sunt,
806 3831 884 3897 nt
931 3821 1302 3921 Hesychius
1349 3824 1855 3924 interpretatur,
1891 3818 2293 3955 μάγειροι,
2344 3823 2492 3919 sed,

269 3933 338 3998 ut
394 3926 562 4000 idem
591 3926 834 4026 pergit,
885 3924 1298 4025 ὑπηρέται»
1320 3925 1814 4029 θεράποντες,
1868 3923 2310 4021 ἀκόλουθοι,
2361 3950 2491 3999 au-

270 4035 505 4103 ctorem
564 4031 906 4104 nominans
973 4028 1467 4104 Callimachum.
1530 4028 1757 4128 Etym.
1822 4029 1928 4104 M.
1971 4055 2064 4160 p.
2133 4036 2172 4102 l
2186 4033 2306 4122 16,
2357 4031 2487 4103 41.

275 4129 507 4221 diegus,
554 4164 598 4209 o
652 4132 1053 4229 ὑπηρέτης·
1110 4133 1241 4210 καὶ
1290 4132 1615 4232 ἅοζήσω,
1667 4129 2127 4231 ὑπηρετήσω.
2233 4128 2490 4206 Gram-

274 4235 534 4310 maticus
596 4236 669 4309 in
729 4235 1026 4311 Bekkeri
1088 4233 1347 4313 Auecd.
1415 4266 1488 4341 p.
1540 4240 1724 4331 413,
1791 4240 1918 4314 31.
1986 4234 2244 4327 ἄοζος,
2311 4231 2488 4311 διοί-

278 4362 500 4422 zoroe.

323 4493 330 4502 .
467 4439 552 4516 V.
605 4445 731 4521 30.
781 4439 1176 4543 Scripsisse
1200 4443 1491 4522 videtur.
