<?xml version="1.0" encoding="UTF-8"?>
<!DOCTYPE html PUBLIC "-//W3C//DTD XHTML 1.0 Transitional//EN"
    "http://www.w3.org/TR/xhtml1/DTD/xhtml1-transitional.dtd">
<html xmlns="http://www.w3.org/1999/xhtml" xml:lang="en" lang="en">
 <head>
  <title>
</title>
<meta http-equiv="Content-Type" content="text/html;charset=utf-8" />
  <meta name='ocr-system' content='tesseract 3.04.00' />
  <meta name='ocr-capabilities' content='ocr_page ocr_carea ocr_par ocr_line ocrx_word'/>
</head>
<body>
  <div class='ocr_page' id='page_1' title='image "./godofrediherman02fritgoog_0220.png"; bbox 0 0 3275 5317; ppageno 0'>
   <div class='ocr_carea' id='block_1_1' title="bbox 775 466 2553 589">
    <p class='ocr_par' dir='ltr' id='par_1_1' title="bbox 775 466 2553 589">
     <span class='ocr_line' id='line_1_1' title="bbox 775 466 2553 589; baseline 0.006 -45"><span class='ocrx_word' id='word_1_1' title='bbox 775 580 783 589; x_wconf 88' lang='lat'><strong>.</strong></span> <span class='ocrx_word' id='word_1_2' title='bbox 930 466 1356 546; x_wconf 71' lang='lat' dir='ltr'><strong>ricr&#39;vnA</strong></span> <span class='ocrx_word' id='word_1_3' title='bbox 1399 480 1920 549; x_wconf 73' lang='lat' dir='ltr'><strong>PAMETVM.</strong></span> <span class='ocrx_word' id='word_1_4' title='bbox 2343 485 2350 495; x_wconf 81' lang='lat'><strong>·</strong></span> <span class='ocrx_word' id='word_1_5' title='bbox 2418 485 2553 554; x_wconf 74' lang='lat' dir='ltr'><strong>aas</strong></span> 
     </span>
    </p>
   </div>
   <div class='ocr_carea' id='block_1_2' title="bbox 284 642 2688 1677">
    <p class='ocr_par' dir='ltr' id='par_1_2' title="bbox 284 634 2688 1677">
     <span class='ocr_line' id='line_1_2' title="bbox 296 642 2688 753; baseline 0.004 -36"><span class='ocrx_word' id='word_1_6' title='bbox 296 643 421 717; x_wconf 74' lang='lat' dir='ltr'><strong>sed</strong></span> <span class='ocrx_word' id='word_1_7' title='bbox 475 642 735 717; x_wconf 82' lang='lat' dir='ltr'><strong>differre</strong></span> <span class='ocrx_word' id='word_1_8' title='bbox 795 645 1019 745; x_wconf 85' lang='lat' dir='ltr'><strong>potius</strong></span> <span class='ocrx_word' id='word_1_9' title='bbox 1084 670 1127 718; x_wconf 90' lang='lat' dir='ltr'><strong>a</strong></span> <span class='ocrx_word' id='word_1_10' title='bbox 1190 654 1496 749; x_wconf 76' lang='grc' dir='ltr'><em>γραφῇ,</em></span> <span class='ocrx_word' id='word_1_11' title='bbox 1547 655 1895 745; x_wconf 87' lang='lat' dir='ltr'><strong>utrumqne</strong></span> <span class='ocrx_word' id='word_1_12' title='bbox 1958 655 2177 721; x_wconf 88' lang='lat' dir='ltr'><strong>antem</strong></span> <span class='ocrx_word' id='word_1_13' title='bbox 2241 649 2548 753; x_wconf 74' lang='grc' dir='ltr'><em>ἄγαλμα</em></span> <span class='ocrx_word' id='word_1_14' title='bbox 2679 646 2688 655; x_wconf 71' lang='grc'><strong><em>’</em></strong></span> 
     </span>
     <span class='ocr_line' id='line_1_3' title="bbox 291 747 2547 843; baseline 0.004 -23"><span class='ocrx_word' id='word_1_15' title='bbox 291 748 524 822; x_wconf 81' lang='lat' dir='ltr'><strong>vocari</strong></span> <span class='ocrx_word' id='word_1_16' title='bbox 593 747 988 842; x_wconf 80' lang='lat' dir='ltr'><strong>ostendunt,</strong></span> <span class='ocrx_word' id='word_1_17' title='bbox 1056 757 1134 822; x_wconf 90' lang='lat' dir='ltr'><strong>nt</strong></span> <span class='ocrx_word' id='word_1_18' title='bbox 1195 750 1533 841; x_wconf 82' lang='lat' dir='ltr'><strong>verissime</strong></span> <span class='ocrx_word' id='word_1_19' title='bbox 1597 752 1850 824; x_wconf 87' lang='lat' dir='ltr'><strong>monuit</strong></span> <span class='ocrx_word' id='word_1_20' title='bbox 1912 749 2338 843; x_wconf 86' lang='lat' dir='ltr'><strong>Voelkelius3</strong></span> <span class='ocrx_word' id='word_1_21' title='bbox 2422 779 2547 829; x_wconf 92' lang='lat' dir='ltr'><strong>nec</strong></span> 
     </span>
     <span class='ocr_line' id='line_1_4' title="bbox 288 851 2545 953; baseline 0.004 -29"><span class='ocrx_word' id='word_1_22' title='bbox 288 874 640 949; x_wconf 89' lang='lat' dir='ltr'><strong>perrarum</strong></span> <span class='ocrx_word' id='word_1_23' title='bbox 691 851 823 924; x_wconf 78' lang='lat' dir='ltr'><strong>dici</strong></span> <span class='ocrx_word' id='word_1_24' title='bbox 871 859 1116 949; x_wconf 90' lang='lat' dir='ltr'><strong>potest,</strong></span> <span class='ocrx_word' id='word_1_25' title='bbox 1168 854 1343 950; x_wconf 84' lang='lat' dir='ltr'><strong>quod</strong></span> <span class='ocrx_word' id='word_1_26' title='bbox 1395 878 1523 927; x_wconf 92' lang='lat' dir='ltr'><strong>uno</strong></span> <span class='ocrx_word' id='word_1_27' title='bbox 1574 861 1829 927; x_wconf 88' lang='lat' dir='ltr'><strong>tantum</strong></span> <span class='ocrx_word' id='word_1_28' title='bbox 1845 905 1873 947; x_wconf 96' lang='grc'>,</span> <span class='ocrx_word' id='word_1_29' title='bbox 1923 854 2199 953; x_wconf 85' lang='lat' dir='ltr'><strong>ipsoque</strong></span> <span class='ocrx_word' id='word_1_30' title='bbox 2264 880 2344 929; x_wconf 94' lang='lat' dir='ltr'><strong>eo</strong></span> <span class='ocrx_word' id='word_1_31' title='bbox 2395 858 2545 932; x_wconf 94' lang='lat' dir='ltr'><strong>loco</strong></span> 
     </span>
     <span class='ocr_line' id='line_1_5' title="bbox 286 953 2549 1059; baseline 0.005 -33"><span class='ocrx_word' id='word_1_32' title='bbox 286 954 560 1050; x_wconf 84' lang='lat' dir='ltr'><strong>legitur,</strong></span> <span class='ocrx_word' id='word_1_33' title='bbox 637 953 709 1025; x_wconf 92' lang='lat' dir='ltr'><strong>in</strong></span> <span class='ocrx_word' id='word_1_34' title='bbox 758 979 886 1053; x_wconf 89' lang='lat' dir='ltr'><strong>quo</strong></span> <span class='ocrx_word' id='word_1_35' title='bbox 940 955 1271 1029; x_wconf 81' lang='lat' dir='ltr'><strong>dubitatur</strong></span> <span class='ocrx_word' id='word_1_36' title='bbox 1321 980 1407 1029; x_wconf 90' lang='lat' dir='ltr'><strong>an</strong></span> <span class='ocrx_word' id='word_1_37' title='bbox 1471 958 1560 1029; x_wconf 92' lang='lat' dir='ltr'><strong>sit</strong></span> <span class='ocrx_word' id='word_1_38' title='bbox 1607 957 1706 1029; x_wconf 89' lang='lat' dir='ltr'><strong>ita</strong></span> <span class='ocrx_word' id='word_1_39' title='bbox 1767 957 2039 1030; x_wconf 85' lang='lat' dir='ltr'><strong>dictum.</strong></span> <span class='ocrx_word' id='word_1_40' title='bbox 2154 956 2225 1032; x_wconf 86' lang='lat' dir='ltr'>N</span> <span class='ocrx_word' id='word_1_41' title='bbox 2223 961 2311 1032; x_wconf 79' lang='lat' dir='ltr'><strong>on</strong></span> <span class='ocrx_word' id='word_1_42' title='bbox 2385 970 2549 1059; x_wconf 88' lang='lat' dir='ltr'><strong>puto</strong></span> 
     </span>
     <span class='ocr_line' id='line_1_6' title="bbox 287 1056 2548 1162; baseline 0.003 -33"><span class='ocrx_word' id='word_1_43' title='bbox 287 1057 468 1129; x_wconf 92' lang='lat' dir='ltr'><strong>enim</strong></span> <span class='ocrx_word' id='word_1_44' title='bbox 519 1056 788 1132; x_wconf 89' lang='lat' dir='ltr'><strong>Platoni</strong></span> <span class='ocrx_word' id='word_1_45' title='bbox 838 1058 1195 1133; x_wconf 79' lang='lat' dir='ltr'><strong>adhibitum</strong></span> <span class='ocrx_word' id='word_1_46' title='bbox 1243 1059 1353 1154; x_wconf 82' lang='lat' dir='ltr'><strong>iri,</strong></span> <span class='ocrx_word' id='word_1_47' title='bbox 1407 1060 1582 1157; x_wconf 84' lang='lat' dir='ltr'><strong>qnod</strong></span> <span class='ocrx_word' id='word_1_48' title='bbox 1634 1059 1717 1132; x_wconf 84' lang='lat' dir='ltr'><strong>‹le</strong></span> <span class='ocrx_word' id='word_1_49' title='bbox 1766 1083 1886 1132; x_wconf 89' lang='lat' dir='ltr'><strong>ara</strong></span> <span class='ocrx_word' id='word_1_50' title='bbox 1934 1061 2212 1158; x_wconf 82' lang='lat' dir='ltr'><strong>quadam</strong></span> <span class='ocrx_word' id='word_1_51' title='bbox 2255 1059 2548 1162; x_wconf 84' lang='lat' dir='ltr'>Neptuni</span> 
     </span>
     <span class='ocr_line' id='line_1_7' title="bbox 287 1156 2549 1266; baseline 0.004 -32"><span class='ocrx_word' id='word_1_52' title='bbox 287 1160 531 1234; x_wconf 79' lang='lat' dir='ltr'><strong>scribit</strong></span> <span class='ocrx_word' id='word_1_53' title='bbox 579 1157 832 1257; x_wconf 84' lang='lat' dir='ltr'><strong>Scylax</strong></span> <span class='ocrx_word' id='word_1_54' title='bbox 882 1186 954 1260; x_wconf 83' lang='lat' dir='ltr'><strong>p.</strong></span> <span class='ocrx_word' id='word_1_55' title='bbox 1010 1165 1187 1235; x_wconf 85' lang='lat'><strong>321.</strong></span> <span class='ocrx_word' id='word_1_56' title='bbox 1240 1163 1347 1236; x_wconf 83' lang='lat' dir='ltr'><strong>ed.</strong></span> <span class='ocrx_word' id='word_1_57' title='bbox 1403 1161 1587 1236; x_wconf 85' lang='lat' dir='ltr'><strong>Gail.</strong></span> <span class='ocrx_word' id='word_1_58' title='bbox 1656 1166 1739 1239; x_wconf 78' lang='grc' dir='ltr'><strong>ἐν</strong></span> <span class='ocrx_word' id='word_1_59' title='bbox 1788 1156 1875 1238; x_wconf 78' lang='grc' dir='ltr'><strong>δὲ</strong></span> <span class='ocrx_word' id='word_1_60' title='bbox 1938 1172 2050 1264; x_wconf 81' lang='grc' dir='ltr'><strong>τῷ</strong></span> <span class='ocrx_word' id='word_1_61' title='bbox 2109 1166 2356 1266; x_wconf 80' lang='grc' dir='ltr'><em>βωμῷ</em></span> <span class='ocrx_word' id='word_1_62' title='bbox 2405 1165 2549 1243; x_wconf 74' lang='grc' dir='ltr'><em>εἰσὶ</em></span> 
     </span>
     <span class='ocr_line' id='line_1_8' title="bbox 284 1262 2547 1393; baseline 0.005 -56"><span class='ocrx_word' id='word_1_63' title='bbox 284 1265 805 1393; x_wconf 71' lang='grc' dir='ltr'><em>γεγραμμένοι</em></span> <span class='ocrx_word' id='word_1_64' title='bbox 831 1262 1303 1363; x_wconf 73' lang='grc' dir='ltr'><em>ἀνδριάντες,</em></span> <span class='ocrx_word' id='word_1_65' title='bbox 1359 1265 1670 1358; x_wconf 77' lang='grc' dir='ltr'><em>λέοντες,</em></span> <span class='ocrx_word' id='word_1_66' title='bbox 1723 1265 2102 1366; x_wconf 78' lang='grc' dir='ltr'><em>δελφῖνες·</em></span> <span class='ocrx_word' id='word_1_67' title='bbox 2157 1268 2547 1347; x_wconf 88' lang='grc' dir='ltr'><em>Δαίδαλον</em></span> 
     </span>
     <span class='ocr_line' id='line_1_9' title="bbox 286 1366 2544 1466; baseline 0.001 -23"><span class='ocrx_word' id='word_1_68' title='bbox 286 1366 370 1443; x_wconf 87' lang='grc' dir='ltr'><em>δε</em></span> <span class='ocrx_word' id='word_1_69' title='bbox 426 1393 628 1464; x_wconf 85' lang='grc' dir='ltr'><em>φασι</em></span> <span class='ocrx_word' id='word_1_70' title='bbox 664 1375 989 1461; x_wconf 81' lang='grc' dir='ltr'><strong>Ιποιῆσαι</strong></span> <span class='ocrx_word' id='word_1_71' title='bbox 1006 1391 1029 1413; x_wconf 88' lang='grc'><em>·</em></span> <span class='ocrx_word' id='word_1_72' title='bbox 1079 1369 1150 1440; x_wconf 92' lang='lat' dir='ltr'><strong>in</strong></span> <span class='ocrx_word' id='word_1_73' title='bbox 1202 1369 1435 1466; x_wconf 87' lang='lat' dir='ltr'><strong>quibus</strong></span> <span class='ocrx_word' id='word_1_74' title='bbox 1485 1370 1703 1442; x_wconf 77' lang='lat' dir='ltr'><strong>verbis</strong></span> <span class='ocrx_word' id='word_1_75' title='bbox 1734 1395 1868 1444; x_wconf 91' lang='lat' dir='ltr'><strong>non</strong></span> <span class='ocrx_word' id='word_1_76' title='bbox 1897 1377 2024 1463; x_wconf 88' lang='lat' dir='ltr'><strong>est,</strong></span> <span class='ocrx_word' id='word_1_77' title='bbox 2075 1377 2154 1442; x_wconf 90' lang='lat' dir='ltr'><strong>ut</strong></span> <span class='ocrx_word' id='word_1_78' title='bbox 2178 1371 2544 1447; x_wconf 88' lang='lat' dir='ltr'><strong>Welckero</strong></span> 
     </span>
     <span class='ocr_line' id='line_1_10' title="bbox 284 1467 2545 1570; baseline 0.003 -27"><span class='ocrx_word' id='word_1_79' title='bbox 284 1470 353 1543; x_wconf 92' lang='lat' dir='ltr'><strong>in</strong></span> <span class='ocrx_word' id='word_1_80' title='bbox 405 1467 689 1568; x_wconf 82' lang='lat' dir='ltr'><strong>Sylloge</strong></span> <span class='ocrx_word' id='word_1_81' title='bbox 740 1471 1273 1569; x_wconf 69' lang='lat' dir='ltr'><strong>epigrammatum</strong></span> <span class='ocrx_word' id='word_1_82' title='bbox 1322 1496 1395 1570; x_wconf 91' lang='lat' dir='ltr'><strong>p.</strong></span> <span class='ocrx_word' id='word_1_83' title='bbox 1456 1475 1628 1545; x_wconf 86' lang='grc'><strong>162.</strong></span> <span class='ocrx_word' id='word_1_84' title='bbox 1681 1473 2059 1566; x_wconf 79' lang='lat' dir='ltr'><strong>videbatur,</strong></span> <span class='ocrx_word' id='word_1_85' title='bbox 2124 1474 2291 1547; x_wconf 89' lang='lat' dir='ltr'><strong>mira</strong></span> <span class='ocrx_word' id='word_1_86' title='bbox 2338 1500 2545 1549; x_wconf 82' lang='lat' dir='ltr'><strong>voca-</strong></span> 
     </span>
     <span class='ocr_line' id='line_1_11' title="bbox 285 1573 2545 1677; baseline 0.004 -32"><span class='ocrx_word' id='word_1_87' title='bbox 285 1573 598 1646; x_wconf 86' lang='lat' dir='ltr'><strong>bulorum</strong></span> <span class='ocrx_word' id='word_1_88' title='bbox 651 1574 983 1671; x_wconf 81' lang='lat' dir='ltr'><strong>confusio=</strong></span> <span class='ocrx_word' id='word_1_89' title='bbox 1036 1574 1192 1672; x_wconf 86' lang='lat' dir='ltr'><strong>quid</strong></span> <span class='ocrx_word' id='word_1_90' title='bbox 1241 1575 1637 1674; x_wconf 84' lang='lat' dir='ltr'><strong>impediebat</strong></span> <span class='ocrx_word' id='word_1_91' title='bbox 1688 1577 1860 1648; x_wconf 90' lang='lat' dir='ltr'><strong>enim</strong></span> <span class='ocrx_word' id='word_1_92' title='bbox 1874 1627 1902 1669; x_wconf 96' lang='grc'>,</span> <span class='ocrx_word' id='word_1_93' title='bbox 1969 1576 2163 1650; x_wconf 82' lang='lat' dir='ltr'><strong>modo</strong></span> <span class='ocrx_word' id='word_1_94' title='bbox 2216 1579 2545 1677; x_wconf 81' lang='lat' dir='ltr'><strong>scriptura</strong></span> 
     </span>
    </p>
   </div>
   <div class='ocr_carea' id='block_1_3' title="bbox 281 1676 2692 1776">
    <p class='ocr_par' dir='ltr' id='par_1_3' title="bbox 281 1676 2692 1776">
     <span class='ocr_line' id='line_1_12' title="bbox 281 1676 2692 1776; baseline 0.003 -27"><span class='ocrx_word' id='word_1_95' title='bbox 281 1676 445 1749; x_wconf 78' lang='lat' dir='ltr'><strong>vitio</strong></span> <span class='ocrx_word' id='word_1_96' title='bbox 505 1678 714 1750; x_wconf 80' lang='lat' dir='ltr'><strong>vacu&#39;a</strong></span> <span class='ocrx_word' id='word_1_97' title='bbox 762 1676 875 1769; x_wconf 89' lang='lat' dir='ltr'><strong>sit,</strong></span> <span class='ocrx_word' id='word_1_98' title='bbox 928 1677 1086 1775; x_wconf 88' lang='lat' dir='ltr'><strong>quin</strong></span> <span class='ocrx_word' id='word_1_99' title='bbox 1135 1677 1445 1776; x_wconf 88' lang='lat' dir='ltr'><strong>penicillo</strong></span> <span class='ocrx_word' id='word_1_100' title='bbox 1495 1679 1602 1751; x_wconf 77' lang='lat' dir='ltr'><strong>vel</strong></span> <span class='ocrx_word' id='word_1_101' title='bbox 1653 1679 1840 1753; x_wconf 90' lang='lat' dir='ltr'><strong>caelo</strong></span> <span class='ocrx_word' id='word_1_102' title='bbox 1893 1680 2088 1753; x_wconf 88' lang='lat' dir='ltr'><strong>etiam</strong></span> <span class='ocrx_word' id='word_1_103' title='bbox 2123 1689 2380 1755; x_wconf 80' lang='lat' dir='ltr'><strong>statuae</strong></span> <span class='ocrx_word' id='word_1_104' title='bbox 2414 1707 2543 1755; x_wconf 82' lang='lat' dir='ltr'><strong>ex·</strong></span> <span class='ocrx_word' id='word_1_105' title='bbox 2691 1758 2692 1763; x_wconf 66' lang='grc'>,</span> 
     </span>
    </p>
   </div>
   <div class='ocr_carea' id='block_1_4' title="bbox 236 1773 2648 4646">
    <p class='ocr_par' dir='ltr' id='par_1_4' title="bbox 236 1773 2648 4646">
     <span class='ocr_line' id='line_1_13' title="bbox 236 1773 2544 1879; baseline 0.002 -26"><span class='ocrx_word' id='word_1_106' title='bbox 236 1790 239 1791; x_wconf 71' lang='grc'>’</span> <span class='ocrx_word' id='word_1_107' title='bbox 282 1780 730 1878; x_wconf 85' lang='lat' dir='ltr'><strong>primerentur</strong></span> <span class='ocrx_word' id='word_1_108' title='bbox 745 1773 784 1854; x_wconf 70' lang='grc' dir='ltr'><strong>,Ρ</strong></span> <span class='ocrx_word' id='word_1_109' title='bbox 900 1779 1508 1879; x_wconf 86' lang='lat' dir='ltr'><strong>Megalographiam</strong></span> <span class='ocrx_word' id='word_1_110' title='bbox 1557 1781 1911 1856; x_wconf 90' lang='lat' dir='ltr'><strong>simulacra</strong></span> <span class='ocrx_word' id='word_1_111' title='bbox 1972 1782 2243 1856; x_wconf 81' lang='lat' dir='ltr'><strong>deorum</strong></span> <span class='ocrx_word' id='word_1_112' title='bbox 2290 1784 2544 1858; x_wconf 81' lang='lat' dir='ltr'><strong>haben-</strong></span> 
     </span>
     <span class='ocr_line' id='line_1_14' title="bbox 283 1881 2542 1985; baseline 0.002 -29"><span class='ocrx_word' id='word_1_113' title='bbox 283 1890 416 1956; x_wconf 89' lang='lat' dir='ltr'><strong>tem</strong></span> <span class='ocrx_word' id='word_1_114' title='bbox 495 1882 879 1956; x_wconf 86' lang='lat' dir='ltr'><strong>memoravit</strong></span> <span class='ocrx_word' id='word_1_115' title='bbox 936 1881 1279 1956; x_wconf 82' lang='lat' dir='ltr'>Vitruvius</span> <span class='ocrx_word' id='word_1_116' title='bbox 1360 1883 1525 1956; x_wconf 85' lang='lat' dir='ltr'><strong>Vll.</strong></span> <span class='ocrx_word' id='word_1_117' title='bbox 1596 1884 1670 1957; x_wconf 83' lang='lat'><strong>5.</strong></span> <span class='ocrx_word' id='word_1_118' title='bbox 1754 1886 1868 1982; x_wconf 89' lang='lat' dir='ltr'><strong>qui</strong></span> <span class='ocrx_word' id='word_1_119' title='bbox 1948 1885 2542 1985; x_wconf 75' lang='lat' dir='ltr'><strong>megalographiam</strong></span> 
     </span>
     <span class='ocr_line' id='line_1_15' title="bbox 284 1984 2539 2087; baseline 0.003 -30"><span class='ocrx_word' id='word_1_120' title='bbox 284 1985 442 2083; x_wconf 75' lang='lat' dir='ltr'><strong>quid</strong></span> <span class='ocrx_word' id='word_1_121' title='bbox 503 1985 705 2079; x_wconf 86' lang='lat' dir='ltr'><strong>dicat,</strong></span> <span class='ocrx_word' id='word_1_122' title='bbox 760 1986 1074 2082; x_wconf 82' lang='lat' dir='ltr'><strong>cognosci</strong></span> <span class='ocrx_word' id='word_1_123' title='bbox 1121 1994 1342 2084; x_wconf 91' lang='lat' dir='ltr'><strong>potest</strong></span> <span class='ocrx_word' id='word_1_124' title='bbox 1392 2011 1479 2059; x_wconf 83' lang='lat' dir='ltr'><strong>ex</strong></span> <span class='ocrx_word' id='word_1_125' title='bbox 1528 1984 1828 2060; x_wconf 87' lang='lat' dir='ltr'><strong>Platonis</strong></span> <span class='ocrx_word' id='word_1_126' title='bbox 1879 1984 2198 2086; x_wconf 88' lang='lat' dir='ltr'><strong>Sophista</strong></span> <span class='ocrx_word' id='word_1_127' title='bbox 2244 2014 2316 2087; x_wconf 88' lang='lat' dir='ltr'><strong>p.</strong></span> <span class='ocrx_word' id='word_1_128' title='bbox 2360 1991 2539 2064; x_wconf 81' lang='lat'><strong>235.</strong></span> 
     </span>
     <span class='ocr_line' id='line_1_16' title="bbox 284 2085 2541 2188; baseline 0.003 -27"><span class='ocrx_word' id='word_1_129' title='bbox 284 2087 377 2184; x_wconf 83' lang='lat' dir='ltr'><strong>E.</strong></span> <span class='ocrx_word' id='word_1_130' title='bbox 490 2085 652 2161; x_wconf 83' lang='lat' dir='ltr'><strong>Alia</strong></span> <span class='ocrx_word' id='word_1_131' title='bbox 702 2088 1004 2186; x_wconf 85' lang='lat' dir='ltr'><strong>exempla</strong></span> <span class='ocrx_word' id='word_1_132' title='bbox 1052 2096 1308 2161; x_wconf 80' lang='lat' dir='ltr'><strong>statuae</strong></span> <span class='ocrx_word' id='word_1_133' title='bbox 1357 2090 1427 2161; x_wconf 92' lang='lat' dir='ltr'><strong>in</strong></span> <span class='ocrx_word' id='word_1_134' title='bbox 1465 2091 1727 2188; x_wconf 83' lang='lat' dir='ltr'><strong>pictura</strong></span> <span class='ocrx_word' id='word_1_135' title='bbox 1761 2098 2288 2188; x_wconf 85' lang='lat' dir='ltr'><strong>repraesentatae</strong></span> <span class='ocrx_word' id='word_1_136' title='bbox 2322 2093 2541 2167; x_wconf 86' lang='lat' dir='ltr'><strong>videre</strong></span> 
     </span>
     <span class='ocr_line' id='line_1_17' title="bbox 284 2190 2540 2291; baseline 0.002 -27"><span class='ocrx_word' id='word_1_137' title='bbox 284 2192 448 2266; x_wconf 87' lang='lat' dir='ltr'><strong>lieet</strong></span> <span class='ocrx_word' id='word_1_138' title='bbox 504 2192 680 2291; x_wconf 84' lang='lat' dir='ltr'><strong>apud</strong></span> <span class='ocrx_word' id='word_1_139' title='bbox 728 2190 1127 2263; x_wconf 85' lang='lat' dir='ltr'><strong>Pausaniam</strong></span> <span class='ocrx_word' id='word_1_140' title='bbox 1175 2190 1238 2264; x_wconf 91' lang='lat' dir='ltr'><strong>I.</strong></span> <span class='ocrx_word' id='word_1_141' title='bbox 1293 2196 1420 2286; x_wconf 86' lang='lat'><strong>22,</strong></span> <span class='ocrx_word' id='word_1_142' title='bbox 1476 2197 1550 2265; x_wconf 87' lang='grc'><strong>6.</strong></span> <span class='ocrx_word' id='word_1_143' title='bbox 1601 2192 1701 2265; x_wconf 89' lang='grc' dir='ltr'><strong>Χ.</strong></span> <span class='ocrx_word' id='word_1_144' title='bbox 1758 2197 1883 2286; x_wconf 89' lang='grc'><strong>26,</strong></span> <span class='ocrx_word' id='word_1_145' title='bbox 1941 2197 2014 2267; x_wconf 86' lang='grc'><strong>3.</strong></span> <span class='ocrx_word' id='word_1_146' title='bbox 2068 2194 2174 2266; x_wconf 86' lang='lat' dir='ltr'><strong>ed.</strong></span> <span class='ocrx_word' id='word_1_147' title='bbox 2217 2194 2540 2291; x_wconf 81' lang='lat' dir='ltr'><strong>Bekkeri,</strong></span> 
     </span>
     <span class='ocr_line' id='line_1_18' title="bbox 287 2292 2544 2395; baseline 0.002 -26"><span class='ocrx_word' id='word_1_148' title='bbox 287 2296 485 2369; x_wconf 86' lang='lat' dir='ltr'><strong>cuius</strong></span> <span class='ocrx_word' id='word_1_149' title='bbox 535 2319 841 2368; x_wconf 89' lang='lat' dir='ltr'><strong>numeros</strong></span> <span class='ocrx_word' id='word_1_150' title='bbox 892 2319 1155 2393; x_wconf 84' lang='lat' dir='ltr'><strong>sequor.</strong></span> <span class='ocrx_word' id='word_1_151' title='bbox 1257 2292 1368 2368; x_wconf 89' lang='lat' dir='ltr'><strong>Ac</strong></span> <span class='ocrx_word' id='word_1_152' title='bbox 1416 2296 1644 2370; x_wconf 87' lang='lat' dir='ltr'><strong>nescio</strong></span> <span class='ocrx_word' id='word_1_153' title='bbox 1698 2321 1782 2368; x_wconf 89' lang='lat' dir='ltr'><strong>an</strong></span> <span class='ocrx_word' id='word_1_154' title='bbox 1824 2298 2153 2395; x_wconf 81' lang='lat' dir='ltr'><strong>picturam</strong></span> <span class='ocrx_word' id='word_1_155' title='bbox 2202 2297 2544 2395; x_wconf 87' lang='lat' dir='ltr'><strong>significa-</strong></span> 
     </span>
     <span class='ocr_line' id='line_1_19' title="bbox 287 2396 2540 2502; baseline 0.003 -31"><span class='ocrx_word' id='word_1_156' title='bbox 287 2400 463 2472; x_wconf 78' lang='lat' dir='ltr'><strong>verit</strong></span> <span class='ocrx_word' id='word_1_157' title='bbox 528 2396 874 2472; x_wconf 89' lang='lat' dir='ltr'><strong>Lucianus</strong></span> <span class='ocrx_word' id='word_1_158' title='bbox 937 2399 1010 2469; x_wconf 92' lang='lat' dir='ltr'><strong>in</strong></span> <span class='ocrx_word' id='word_1_159' title='bbox 1072 2398 1293 2472; x_wconf 87' lang='lat' dir='ltr'><strong>libello</strong></span> <span class='ocrx_word' id='word_1_160' title='bbox 1364 2399 1445 2472; x_wconf 78' lang='lat' dir='ltr'><strong>(le</strong></span> <span class='ocrx_word' id='word_1_161' title='bbox 1512 2399 1707 2474; x_wconf 80' lang='lat' dir='ltr'><strong>domo</strong></span> <span class='ocrx_word' id='word_1_162' title='bbox 1774 2425 1840 2473; x_wconf 92' lang='lat' dir='ltr'><strong>c.</strong></span> <span class='ocrx_word' id='word_1_163' title='bbox 1895 2404 2020 2475; x_wconf 88' lang='grc'><strong>26.</strong></span> <span class='ocrx_word' id='word_1_164' title='bbox 2084 2400 2217 2474; x_wconf 81' lang='lat' dir='ltr'><strong>vol.</strong></span> <span class='ocrx_word' id='word_1_165' title='bbox 2280 2399 2415 2476; x_wconf 89' lang='grc' dir='ltr'><strong>ΠΙ.</strong></span> <span class='ocrx_word' id='word_1_166' title='bbox 2465 2428 2540 2502; x_wconf 87' lang='lat' dir='ltr'><strong>p.</strong></span> 
     </span>
     <span class='ocr_line' id='line_1_20' title="bbox 290 2498 2544 2606; baseline 0.003 -31"><span class='ocrx_word' id='word_1_167' title='bbox 290 2502 475 2577; x_wconf 81' lang='lat'><strong>205.</strong></span> <span class='ocrx_word' id='word_1_168' title='bbox 527 2500 725 2577; x_wconf 80' lang='grc' dir='ltr'><em>κατὰ</em></span> <span class='ocrx_word' id='word_1_169' title='bbox 793 2498 1068 2578; x_wconf 42' lang='grc' dir='ltr'><em>δὲοτὸν</em></span> <span class='ocrx_word' id='word_1_170' title='bbox 1117 2501 1354 2600; x_wconf 77' lang='grc' dir='ltr'><em>μέσον</em></span> <span class='ocrx_word' id='word_1_171' title='bbox 1414 2508 1677 2599; x_wconf 83' lang='grc' dir='ltr'><em>τοῖχον</em></span> <span class='ocrx_word' id='word_1_172' title='bbox 1742 2504 1906 2579; x_wconf 79' lang='grc' dir='ltr'><strong>ἄνω</strong></span> <span class='ocrx_word' id='word_1_173' title='bbox 1955 2533 2070 2589; x_wconf 84' lang='grc' dir='ltr'><strong>τις</strong></span> <span class='ocrx_word' id='word_1_174' title='bbox 2121 2503 2544 2606; x_wconf 82' lang='grc' dir='ltr'><em>άντίθυρος</em></span> 
     </span>
     <span class='ocr_line' id='line_1_21' title="bbox 280 2604 2538 2703; baseline 0.002 -22"><span class='ocrx_word' id='word_1_175' title='bbox 280 2606 638 2701; x_wconf 71' lang='grc' dir='ltr'><em>Ἀθηνᾶς</em></span> <span class='ocrx_word' id='word_1_176' title='bbox 692 2605 877 2689; x_wconf 84' lang='grc' dir='ltr'><em>ναὸς</em></span> <span class='ocrx_word' id='word_1_177' title='bbox 924 2604 1352 2701; x_wconf 87' lang='grc' dir='ltr'><em>πεποίηται·</em></span> <span class='ocrx_word' id='word_1_178' title='bbox 1421 2606 1469 2702; x_wconf 84' lang='grc' dir='ltr'>ἡ</span> <span class='ocrx_word' id='word_1_179' title='bbox 1521 2606 1707 2690; x_wconf 83' lang='grc' dir='ltr'><em>θεὸς</em></span> <span class='ocrx_word' id='word_1_180' title='bbox 1771 2607 2000 2683; x_wconf 88' lang='grc' dir='ltr'><em>λίθου</em></span> <span class='ocrx_word' id='word_1_181' title='bbox 2070 2615 2381 2703; x_wconf 81' lang='grc' dir='ltr'><em>λευκοῦ,</em></span> <span class='ocrx_word' id='word_1_182' title='bbox 2450 2610 2538 2686; x_wconf 82' lang='grc' dir='ltr'><strong>τὸ</strong></span> 
     </span>
     <span class='ocr_line' id='line_1_22' title="bbox 291 2705 2542 2812; baseline 0 -27"><span class='ocrx_word' id='word_1_183' title='bbox 291 2719 548 2811; x_wconf 84' lang='grc' dir='ltr'><em>σχῆμα</em></span> <span class='ocrx_word' id='word_1_184' title='bbox 601 2709 694 2786; x_wconf 81' lang='grc' dir='ltr'><strong>οὗ</strong></span> <span class='ocrx_word' id='word_1_185' title='bbox 745 2705 1363 2809; x_wconf 78' lang='grc' dir='ltr'><em>πολεμιστήριον,</em></span> <span class='ocrx_word' id='word_1_186' title='bbox 1418 2711 1572 2784; x_wconf 71' lang='grc' dir='ltr'><em>ἀλλ’</em></span> <span class='ocrx_word' id='word_1_187' title='bbox 1629 2709 1795 2786; x_wconf 85' lang='grc' dir='ltr'><em>οἷον</em></span> <span class='ocrx_word' id='word_1_188' title='bbox 1845 2708 1949 2786; x_wconf 66' lang='grc' dir='ltr'><strong>ἂν</strong></span> <span class='ocrx_word' id='word_1_189' title='bbox 1997 2711 2288 2811; x_wconf 77' lang='grc' dir='ltr'><em>γένοιτο</em></span> <span class='ocrx_word' id='word_1_190' title='bbox 2342 2710 2542 2812; x_wconf 77' lang='grc' dir='ltr'><em>εἰρή-</em></span> 
     </span>
     <span class='ocr_line' id='line_1_23' title="bbox 289 2809 2541 2911; baseline -0.001 -20"><span class='ocrx_word' id='word_1_191' title='bbox 289 2840 438 2910; x_wconf 87' lang='grc' dir='ltr'><strong>νην</strong></span> <span class='ocrx_word' id='word_1_192' title='bbox 493 2814 544 2909; x_wconf 79' lang='grc' dir='ltr'><em>ᾅ</em></span> <span class='ocrx_word' id='word_1_193' title='bbox 599 2809 826 2907; x_wconf 84' lang='grc' dir='ltr'><em>ούσης</em></span> <span class='ocrx_word' id='word_1_194' title='bbox 876 2816 1069 2888; x_wconf 92' lang='grc' dir='ltr'><em>θεοῦ</em></span> <span class='ocrx_word' id='word_1_195' title='bbox 1120 2821 1538 2910; x_wconf 80' lang='grc' dir='ltr'><em>πολεμικῆς.</em></span> <span class='ocrx_word' id='word_1_196' title='bbox 1657 2811 1849 2887; x_wconf 88' lang='lat' dir='ltr'><strong>Haec</strong></span> <span class='ocrx_word' id='word_1_197' title='bbox 1900 2814 2333 2911; x_wconf 85' lang='lat' dir='ltr'><strong>interpretes,</strong></span> <span class='ocrx_word' id='word_1_198' title='bbox 2389 2840 2541 2888; x_wconf 86' lang='lat' dir='ltr'><strong>cum</strong></span> 
     </span>
     <span class='ocr_line' id='line_1_24' title="bbox 288 2914 2578 3016; baseline 0 -26"><span class='ocrx_word' id='word_1_199' title='bbox 288 2918 504 3016; x_wconf 85' lang='lat' dir='ltr'><strong>iisque</strong></span> <span class='ocrx_word' id='word_1_200' title='bbox 594 2915 927 3008; x_wconf 87' lang='lat' dir='ltr'><strong>acobsius,</strong></span> <span class='ocrx_word' id='word_1_201' title='bbox 972 2916 1093 3014; x_wconf 82' lang='lat' dir='ltr'><strong>qui</strong></span> <span class='ocrx_word' id='word_1_202' title='bbox 1145 2916 1479 3012; x_wconf 87' lang='lat' dir='ltr'><strong>eleganter</strong></span> <span class='ocrx_word' id='word_1_203' title='bbox 1541 2916 1723 2988; x_wconf 88' lang='lat' dir='ltr'><strong>illam</strong></span> <span class='ocrx_word' id='word_1_204' title='bbox 1786 2914 2076 2990; x_wconf 89' lang='lat' dir='ltr'><strong>Luciani</strong></span> <span class='ocrx_word' id='word_1_205' title='bbox 2142 2917 2578 3016; x_wconf 80' lang='lat' dir='ltr'><strong>descriptio-·</strong></span> 
     </span>
     <span class='ocr_line' id='line_1_25' title="bbox 288 3017 2584 3118; baseline -0 -24"><span class='ocrx_word' id='word_1_206' title='bbox 288 3046 443 3094; x_wconf 90' lang='lat' dir='ltr'><strong>nem</strong></span> <span class='ocrx_word' id='word_1_207' title='bbox 491 3019 844 3092; x_wconf 87' lang='lat' dir='ltr'><strong>illustravit</strong></span> <span class='ocrx_word' id='word_1_208' title='bbox 889 3020 959 3091; x_wconf 93' lang='lat' dir='ltr'><strong>in</strong></span> <span class='ocrx_word' id='word_1_209' title='bbox 1008 3020 1410 3117; x_wconf 84' lang='lat' dir='ltr'><strong>praefatione</strong></span> <span class='ocrx_word' id='word_1_210' title='bbox 1459 3017 1827 3115; x_wconf 85' lang='lat' dir='ltr'><strong>Imaginum</strong></span> <span class='ocrx_word' id='word_1_211' title='bbox 1874 3018 2260 3093; x_wconf 86' lang='lat' dir='ltr'><strong>Philostrati</strong></span> <span class='ocrx_word' id='word_1_212' title='bbox 2306 3045 2377 3118; x_wconf 90' lang='lat' dir='ltr'><strong>p.</strong></span> <span class='ocrx_word' id='word_1_213' title='bbox 2407 3019 2584 3095; x_wconf 60' lang='lat'><strong>655</strong></span> 
     </span>
     <span class='ocr_line' id='line_1_26' title="bbox 291 3122 2543 3221; baseline 0.001 -25"><span class='ocrx_word' id='word_1_214' title='bbox 291 3124 372 3197; x_wconf 75' lang='lat' dir='ltr'><strong>(le</strong></span> <span class='ocrx_word' id='word_1_215' title='bbox 423 3149 584 3198; x_wconf 82' lang='lat' dir='ltr'><strong>vero</strong></span> <span class='ocrx_word' id='word_1_216' title='bbox 638 3122 825 3219; x_wconf 86' lang='lat' dir='ltr'><strong>signo</strong></span> <span class='ocrx_word' id='word_1_217' title='bbox 878 3123 1252 3220; x_wconf 85' lang='lat' dir='ltr'><strong>sacelloque</strong></span> <span class='ocrx_word' id='word_1_218' title='bbox 1306 3131 1730 3221; x_wconf 84' lang='lat' dir='ltr'><strong>acceperunt,</strong></span> <span class='ocrx_word' id='word_1_219' title='bbox 1784 3123 1983 3195; x_wconf 86' lang='lat' dir='ltr'><strong>credo</strong></span> <span class='ocrx_word' id='word_1_220' title='bbox 1997 3175 2023 3215; x_wconf 89' lang='lat'><strong><em>,</em></strong></span> <span class='ocrx_word' id='word_1_221' title='bbox 2095 3123 2269 3221; x_wconf 84' lang='lat' dir='ltr'><strong>quod</strong></span> <span class='ocrx_word' id='word_1_222' title='bbox 2320 3125 2543 3198; x_wconf 87' lang='lat' dir='ltr'><strong>statim</strong></span> 
     </span>
     <span class='ocr_line' id='line_1_27' title="bbox 293 3222 2543 3326; baseline 0.002 -26"><span class='ocrx_word' id='word_1_223' title='bbox 293 3228 630 3326; x_wconf 83' lang='lat' dir='ltr'><strong>sequitur:</strong></span> <span class='ocrx_word' id='word_1_224' title='bbox 685 3226 843 3302; x_wconf 83' lang='grc' dir='ltr'><em>εἶτα</em></span> <span class='ocrx_word' id='word_1_225' title='bbox 894 3224 1087 3324; x_wconf 81' lang='grc' dir='ltr'><em>μετὰ</em></span> <span class='ocrx_word' id='word_1_226' title='bbox 1137 3222 1425 3322; x_wconf 82' lang='grc' dir='ltr'><em>ταύτην</em></span> <span class='ocrx_word' id='word_1_227' title='bbox 1500 3227 1683 3322; x_wconf 80' lang='grc' dir='ltr'><em>ἄλλη</em></span> <span class='ocrx_word' id='word_1_228' title='bbox 1743 3226 2097 3321; x_wconf 79' lang='grc' dir='ltr'><strong>Ἀθηνᾶ,</strong></span> <span class='ocrx_word' id='word_1_229' title='bbox 2165 3226 2259 3302; x_wconf 80' lang='grc' dir='ltr'><strong>οὐ</strong></span> <span class='ocrx_word' id='word_1_230' title='bbox 2324 3226 2543 3313; x_wconf 82' lang='grc' dir='ltr'><em>λίθος</em></span> 
     </span>
     <span class='ocr_line' id='line_1_28' title="bbox 295 3326 2544 3433; baseline 0 -28"><span class='ocrx_word' id='word_1_231' title='bbox 295 3331 485 3426; x_wconf 74' lang='grc' dir='ltr'><em>αὕτη</em></span> <span class='ocrx_word' id='word_1_232' title='bbox 553 3360 677 3433; x_wconf 77' lang='grc' dir='ltr'><strong>γε,</strong></span> <span class='ocrx_word' id='word_1_233' title='bbox 749 3329 940 3404; x_wconf 74' lang='grc' dir='ltr'><em>ἀλλὰ</em></span> <span class='ocrx_word' id='word_1_234' title='bbox 1003 3328 1263 3432; x_wconf 77' lang='grc' dir='ltr'><em>γραφὴ</em></span> <span class='ocrx_word' id='word_1_235' title='bbox 1343 3326 1590 3406; x_wconf 86' lang='grc' dir='ltr'><em>πάλιν.</em></span> <span class='ocrx_word' id='word_1_236' title='bbox 1717 3326 1819 3403; x_wconf 85' lang='lat' dir='ltr'><strong>At</strong></span> <span class='ocrx_word' id='word_1_237' title='bbox 1880 3330 2047 3403; x_wconf 83' lang='lat' dir='ltr'><strong>haec</strong></span> <span class='ocrx_word' id='word_1_238' title='bbox 2096 3331 2298 3404; x_wconf 77' lang='lat' dir='ltr'><strong>verba</strong></span> <span class='ocrx_word' id='word_1_239' title='bbox 2347 3331 2544 3406; x_wconf 88' lang='lat' dir='ltr'><strong>etiam</strong></span> 
     </span>
     <span class='ocr_line' id='line_1_29' title="bbox 294 3430 2541 3530; baseline 0.001 -24"><span class='ocrx_word' id='word_1_240' title='bbox 294 3435 490 3507; x_wconf 88' lang='lat' dir='ltr'><strong>aliam</strong></span> <span class='ocrx_word' id='word_1_241' title='bbox 556 3433 1157 3530; x_wconf 83' lang='lat' dir='ltr'><strong>interpretationem</strong></span> <span class='ocrx_word' id='word_1_242' title='bbox 1237 3433 1650 3507; x_wconf 75' lang='lat' dir='ltr'><strong>admittunt.&#39;</strong></span> <span class='ocrx_word' id='word_1_243' title='bbox 1741 3432 1970 3507; x_wconf 82' lang='lat' dir='ltr'><strong>Redeo</strong></span> <span class='ocrx_word' id='word_1_244' title='bbox 2025 3433 2109 3506; x_wconf 80' lang='lat' dir='ltr'><strong>ad</strong></span> <span class='ocrx_word' id='word_1_245' title='bbox 2171 3430 2541 3509; x_wconf 89' lang='lat' dir='ltr'><strong>Platonem.</strong></span> 
     </span>
     <span class='ocr_line' id='line_1_30' title="bbox 295 3528 2540 3635; baseline -0 -24"><span class='ocrx_word' id='word_1_246' title='bbox 295 3535 744 3611; x_wconf 87' lang='lat' dir='ltr'><strong>Schneiderus</strong></span> <span class='ocrx_word' id='word_1_247' title='bbox 757 3589 783 3631; x_wconf 85' lang='lat'><strong><em>,</em></strong></span> <span class='ocrx_word' id='word_1_248' title='bbox 853 3561 1045 3634; x_wconf 84' lang='lat' dir='ltr'><strong>quem</strong></span> <span class='ocrx_word' id='word_1_249' title='bbox 1110 3536 1303 3610; x_wconf 88' lang='lat' dir='ltr'><strong>latuit</strong></span> <span class='ocrx_word' id='word_1_250' title='bbox 1368 3544 1730 3609; x_wconf 89' lang='lat' dir='ltr'><strong>statuarum</strong></span> <span class='ocrx_word' id='word_1_251' title='bbox 1797 3537 2095 3635; x_wconf 81' lang='lat' dir='ltr'><strong>picturae</strong></span> <span class='ocrx_word' id='word_1_252' title='bbox 2163 3528 2540 3634; x_wconf 67' lang='lat' dir='ltr'><strong>antiquitas,</strong></span> 
     </span>
     <span class='ocr_line' id='line_1_31' title="bbox 295 3637 2543 3738; baseline -0 -25"><span class='ocrx_word' id='word_1_253' title='bbox 295 3648 495 3714; x_wconf 90' lang='lat' dir='ltr'><strong>testes</strong></span> <span class='ocrx_word' id='word_1_254' title='bbox 550 3640 864 3734; x_wconf 85' lang='lat' dir='ltr'><strong>nominat,</strong></span> <span class='ocrx_word' id='word_1_255' title='bbox 918 3661 1192 3737; x_wconf 84' lang='lat' dir='ltr'><strong>quorum</strong></span> <span class='ocrx_word' id='word_1_256' title='bbox 1244 3637 1587 3713; x_wconf 88' lang='lat' dir='ltr'><strong>affirmatio</strong></span> <span class='ocrx_word' id='word_1_257' title='bbox 1640 3640 1901 3738; x_wconf 88' lang='lat' dir='ltr'><strong>quidem</strong></span> <span class='ocrx_word' id='word_1_258' title='bbox 1950 3648 2200 3738; x_wconf 88' lang='lat' dir='ltr'><strong>aperta,</strong></span> <span class='ocrx_word' id='word_1_259' title='bbox 2255 3641 2372 3712; x_wconf 82' lang='lat' dir='ltr'><strong>sed</strong></span> <span class='ocrx_word' id='word_1_260' title='bbox 2421 3665 2543 3713; x_wconf 87' lang='lat' dir='ltr'><strong>sn-</strong></span> 
     </span>
     <span class='ocr_line' id='line_1_32' title="bbox 299 3730 2542 3842; baseline 0.001 -28"><span class='ocrx_word' id='word_1_261' title='bbox 299 3753 526 3842; x_wconf 89' lang='lat' dir='ltr'><strong>specta</strong></span> <span class='ocrx_word' id='word_1_262' title='bbox 577 3742 742 3816; x_wconf 86' lang='lat' dir='ltr'><strong>fides</strong></span> <span class='ocrx_word' id='word_1_263' title='bbox 794 3750 920 3816; x_wconf 87' lang='lat' dir='ltr'><strong>est.</strong></span> <span class='ocrx_word' id='word_1_264' title='bbox 1024 3734 1200 3816; x_wconf 89' lang='lat' dir='ltr'><strong>Nam</strong></span> <span class='ocrx_word' id='word_1_265' title='bbox 1253 3767 1420 3840; x_wconf 88' lang='lat' dir='ltr'><strong>quae</strong></span> <span class='ocrx_word' id='word_1_266' title='bbox 1471 3744 1541 3814; x_wconf 93' lang='lat' dir='ltr'><strong>in</strong></span> <span class='ocrx_word' id='word_1_267' title='bbox 1590 3730 1893 3819; x_wconf 67' lang='lat' dir='ltr'><strong>Bekke-ri&#39;</strong></span> <span class='ocrx_word' id='word_1_268' title='bbox 1951 3741 2316 3817; x_wconf 82' lang='lat' dir='ltr'><strong>Anecdotis</strong></span> <span class='ocrx_word' id='word_1_269' title='bbox 2366 3744 2542 3818; x_wconf 89' lang='lat' dir='ltr'><strong>scri-</strong></span> 
     </span>
     <span class='ocr_line' id='line_1_33' title="bbox 297 3838 2540 3950; baseline 0.001 -31"><span class='ocrx_word' id='word_1_270' title='bbox 297 3854 411 3944; x_wconf 89' lang='lat' dir='ltr'><strong>pta</strong></span> <span class='ocrx_word' id='word_1_271' title='bbox 457 3855 618 3921; x_wconf 90' lang='lat' dir='ltr'><strong>sunt</strong></span> <span class='ocrx_word' id='word_1_272' title='bbox 665 3872 737 3945; x_wconf 89' lang='lat' dir='ltr'><strong>p.</strong></span> <span class='ocrx_word' id='word_1_273' title='bbox 793 3848 920 3939; x_wconf 86' lang='lat'><strong>82,</strong></span> <span class='ocrx_word' id='word_1_274' title='bbox 981 3838 1111 3918; x_wconf 74' lang='lat'><strong>11.</strong></span> <span class='ocrx_word' id='word_1_275' title='bbox 1157 3845 1476 3947; x_wconf 75' lang='grc' dir='ltr'><em>ἀνδριὰς</em></span> <span class='ocrx_word' id='word_1_276' title='bbox 1526 3844 1660 3921; x_wconf 79' lang='grc' dir='ltr'><strong>καὶ</strong></span> <span class='ocrx_word' id='word_1_277' title='bbox 1697 3846 1817 3920; x_wconf 77' lang='grc' dir='ltr'><strong>ἐπὶ</strong></span> <span class='ocrx_word' id='word_1_278' title='bbox 1864 3856 2146 3950; x_wconf 78' lang='grc' dir='ltr'><em>γραφῇ.</em></span> <span class='ocrx_word' id='word_1_279' title='bbox 2202 3844 2540 3922; x_wconf 86' lang='grc' dir='ltr'><em>Πλάτων</em></span> 
     </span>
     <span class='ocr_line' id='line_1_34' title="bbox 300 3947 2538 4050; baseline 0.001 -27"><span class='ocrx_word' id='word_1_280' title='bbox 300 3948 690 4048; x_wconf 78' lang='grc' dir='ltr'><em>Πολιτείᾳ·</em></span> <span class='ocrx_word' id='word_1_281' title='bbox 747 3948 1212 4050; x_wconf 80' lang='grc' dir='ltr'><em>Μένανδρος</em></span> <span class='ocrx_word' id='word_1_282' title='bbox 1264 3947 1663 4048; x_wconf 79' lang='grc' dir='ltr'><em>Δ-υςκόλῳ·</em></span> <span class='ocrx_word' id='word_1_283' title='bbox 1732 3957 1801 4022; x_wconf 82' lang='lat' dir='ltr'><strong>et</strong></span> <span class='ocrx_word' id='word_1_284' title='bbox 1848 3976 1919 4048; x_wconf 88' lang='lat' dir='ltr'><strong>p.</strong></span> <span class='ocrx_word' id='word_1_285' title='bbox 1975 3954 2153 4044; x_wconf 90' lang='grc'>210,</span> <span class='ocrx_word' id='word_1_286' title='bbox 2216 3951 2333 4024; x_wconf 83' lang='grc'><strong>15.</strong></span> <span class='ocrx_word' id='word_1_287' title='bbox 2406 3950 2538 4026; x_wconf 80' lang='grc' dir='ltr'><strong>άν-</strong></span> 
     </span>
     <span class='ocr_line' id='line_1_35' title="bbox 302 4048 2538 4156; baseline 0 -29"><span class='ocrx_word' id='word_1_288' title='bbox 302 4051 664 4148; x_wconf 86' lang='grc' dir='ltr'><em>δριάντα·</em></span> <span class='ocrx_word' id='word_1_289' title='bbox 734 4051 1077 4150; x_wconf 85' lang='grc' dir='ltr'><em>σημαίνει</em></span> <span class='ocrx_word' id='word_1_290' title='bbox 1129 4051 1258 4128; x_wconf 81' lang='grc' dir='ltr'><strong>καὶ</strong></span> <span class='ocrx_word' id='word_1_291' title='bbox 1305 4052 1448 4149; x_wconf 74' lang='grc' dir='ltr'><strong>τὴν</strong></span> <span class='ocrx_word' id='word_1_292' title='bbox 1495 4048 1846 4156; x_wconf 78' lang='grc' dir='ltr'><strong>γραφήν,</strong></span> <span class='ocrx_word' id='word_1_293' title='bbox 1915 4054 2153 4152; x_wconf 77' lang='grc' dir='ltr'><em>ὥςπερ</em></span> <span class='ocrx_word' id='word_1_294' title='bbox 2220 4053 2261 4129; x_wconf 84' lang='grc' dir='ltr'><em>ὃ</em></span> <span class='ocrx_word' id='word_1_295' title='bbox 2317 4051 2538 4128; x_wconf 87' lang='grc' dir='ltr'><em>Πλά-</em></span> 
     </span>
     <span class='ocr_line' id='line_1_36' title="bbox 299 4152 2538 4256; baseline 0.001 -26"><span class='ocrx_word' id='word_1_296' title='bbox 299 4181 482 4234; x_wconf 84' lang='grc' dir='ltr'><em>των·</em></span> <span class='ocrx_word' id='word_1_297' title='bbox 540 4166 609 4231; x_wconf 90' lang='lat' dir='ltr'><strong>et</strong></span> <span class='ocrx_word' id='word_1_298' title='bbox 657 4182 728 4256; x_wconf 91' lang='lat' dir='ltr'><strong>p.</strong></span> <span class='ocrx_word' id='word_1_299' title='bbox 784 4161 963 4252; x_wconf 91' lang='grc'>211,</span> <span class='ocrx_word' id='word_1_300' title='bbox 1026 4161 1145 4230; x_wconf 80' lang='lat'><strong>14.</strong></span> <span class='ocrx_word' id='word_1_301' title='bbox 1201 4152 1664 4254; x_wconf 74' lang='grc' dir='ltr'><em>ἀνδριάντα·</em></span> <span class='ocrx_word' id='word_1_302' title='bbox 1715 4156 1854 4233; x_wconf 81' lang='grc' dir='ltr'><strong>τὸν</strong></span> <span class='ocrx_word' id='word_1_303' title='bbox 1896 4165 2233 4253; x_wconf 83' lang='grc' dir='ltr'><em>χαλκοῦν</em></span> <span class='ocrx_word' id='word_1_304' title='bbox 2295 4156 2347 4252; x_wconf 77' lang='grc' dir='ltr'>ἢ</span> <span class='ocrx_word' id='word_1_305' title='bbox 2396 4156 2538 4232; x_wconf 86' lang='grc' dir='ltr'><strong>τὸν</strong></span> 
     </span>
     <span class='ocr_line' id='line_1_37' title="bbox 303 4256 2648 4364; baseline 0 -31"><span class='ocrx_word' id='word_1_306' title='bbox 303 4259 625 4355; x_wconf 69' lang='grc' dir='ltr'><em>λίθινον,</em></span> <span class='ocrx_word' id='word_1_307' title='bbox 677 4259 725 4356; x_wconf 82' lang='grc' dir='ltr'>ἢ</span> <span class='ocrx_word' id='word_1_308' title='bbox 777 4260 906 4335; x_wconf 82' lang='grc' dir='ltr'><strong>καὶ</strong></span> <span class='ocrx_word' id='word_1_309' title='bbox 954 4260 1096 4354; x_wconf 90' lang='grc' dir='ltr'><strong>τὴν</strong></span> <span class='ocrx_word' id='word_1_310' title='bbox 1142 4258 1488 4364; x_wconf 77' lang='grc' dir='ltr'><em>γραφήν·</em></span> <span class='ocrx_word' id='word_1_311' title='bbox 1543 4285 1624 4333; x_wconf 92' lang='lat' dir='ltr'><strong>ea</strong></span> <span class='ocrx_word' id='word_1_312' title='bbox 1650 4285 1736 4333; x_wconf 86' lang='lat' dir='ltr'><strong>ex</strong></span> <span class='ocrx_word' id='word_1_313' title='bbox 1765 4261 1956 4332; x_wconf 89' lang='lat' dir='ltr'><strong>unius</strong></span> <span class='ocrx_word' id='word_1_314' title='bbox 1986 4261 2285 4334; x_wconf 87' lang='lat' dir='ltr'><strong>videntur</strong></span> <span class='ocrx_word' id='word_1_315' title='bbox 2310 4285 2536 4358; x_wconf 87' lang='lat' dir='ltr'><strong>gram-</strong></span> <span class='ocrx_word' id='word_1_316' title='bbox 2639 4256 2648 4270; x_wconf 58' lang='lat'>²</span> 
     </span>
     <span class='ocr_line' id='line_1_38' title="bbox 302 4364 2541 4463; baseline 0 -28"><span class='ocrx_word' id='word_1_317' title='bbox 302 4366 519 4440; x_wconf 89' lang='lat' dir='ltr'><strong>matici</strong></span> <span class='ocrx_word' id='word_1_318' title='bbox 579 4365 1117 4463; x_wconf 86' lang='lat' dir='ltr'><strong>interpretatione</strong></span> <span class='ocrx_word' id='word_1_319' title='bbox 1180 4364 1452 4438; x_wconf 79' lang='lat' dir='ltr'><strong>fluxisse</strong></span> <span class='ocrx_word' id='word_1_320' title='bbox 1466 4417 1495 4459; x_wconf 94' lang='grc'>,</span> <span class='ocrx_word' id='word_1_321' title='bbox 1579 4364 1691 4462; x_wconf 89' lang='lat' dir='ltr'><strong>qni</strong></span> <span class='ocrx_word' id='word_1_322' title='bbox 1772 4364 1947 4461; x_wconf 82' lang='lat' dir='ltr'><strong>quod</strong></span> <span class='ocrx_word' id='word_1_323' title='bbox 2009 4389 2143 4436; x_wconf 91' lang='lat' dir='ltr'><strong>non</strong></span> <span class='ocrx_word' id='word_1_324' title='bbox 2206 4365 2541 4462; x_wconf 88' lang='lat' dir='ltr'><strong>cognitum</strong></span> 
     </span>
     <span class='ocr_line' id='line_1_39' title="bbox 304 4464 2537 4644; baseline 0 -103"><span class='ocrx_word' id='word_1_325' title='bbox 304 4464 563 4542; x_wconf 76' lang='lat' dir='ltr'><strong>haberet</strong></span> <span class='ocrx_word' id='word_1_326' title='bbox 608 4468 795 4541; x_wconf 89' lang='lat' dir='ltr'><strong>illum</strong></span> <span class='ocrx_word' id='word_1_327' title='bbox 860 4469 1050 4565; x_wconf 87' lang='lat' dir='ltr'><strong>signa</strong></span> <span class='ocrx_word' id='word_1_328' title='bbox 1111 4469 1423 4567; x_wconf 80' lang='lat' dir='ltr'><strong>pingendi</strong></span> <span class='ocrx_word' id='word_1_329' title='bbox 1486 4492 1735 4561; x_wconf 82' lang='lat' dir='ltr'><strong>morem</strong></span> <span class='ocrx_word' id='word_1_330' title='bbox 1813 4467 2256 4644; x_wconf 52' lang='lat' dir='ltr'><strong>(obsolegerat</strong></span> <span class='ocrx_word' id='word_1_331' title='bbox 2305 4468 2537 4562; x_wconf 85' lang='lat' dir='ltr'><strong>enim),</strong></span> 
     </span>
     <span class='ocr_line' id='line_1_40' title="bbox 395 4568 1797 4646; baseline 0 -2"><span class='ocrx_word' id='word_1_332' title='bbox 395 4570 667 4646; x_wconf 74' lang='lat' dir='ltr'><strong>Hnnnr.</strong></span> <span class='ocrx_word' id='word_1_333' title='bbox 722 4568 865 4646; x_wconf 80' lang='lat' dir='ltr'><strong>Or.</strong></span> <span class='ocrx_word' id='word_1_334' title='bbox 918 4571 1011 4644; x_wconf 91' lang='lat' dir='ltr'><strong>V.</strong></span> <span class='ocrx_word' id='word_1_335' title='bbox 1788 4601 1797 4610; x_wconf 91' lang='lat'><strong>·</strong></span> 
     </span>
    </p>
   </div>
  </div>
 </body>
</html>
