3275 5317
1142 469 1651 539 AFRAMVS.
2388 471 2521 542 87

465 729 472 738 x
540 629 628 702 id
672 629 877 703 em’m
940 630 1017 702 si
1065 630 1278 706 intus
1340 635 1603 720 <ictum
1617 686 1645 727 ‚
1696 632 1954 734 periit
2000 632 2237 738 o'pcra
2285 636 2522 710 nin&-

1504 739 1685 810 ru'm
1734 761 1907 810 mea

536 838 637 909 ἐτι·
688 836 945 911 animo
976 836 1422 928 fidelitatis.

319 1093 377 1165 ‘b
479 988 564 1066 Iu
614 1016 786 1067 nono
838 993 1204 1089 fragmento
1253 1019 1387 1068 uon
1423 993 1648 1092 placet
1673 991 2041 1066 misce-ula
2090 994 2162 1068 in
2212 995 2315 1069 his
2362 1015 2519 1070 ver-

285 1118 340 1165 ιιι
378 1118 454 1165 us
472 1120 495 1166 t

536 1246 694 1320 no'n
784 1247 1135 1324 dolorum
1202 1249 1673 1446 parti'omzi
1694 1247 1955 1323 ve'nwt
2029 1248 2116 1322 in
2192 1253 2522 1324 mente'm

1508 1352 1581 1423 tt

535 1452 718 1552 quo's
767 1451 1136 1527 moserula
1178 1455 1600 1555 pertulisti,
1670 1465 1767 1528 ut
1808 1457 2140 1557 pdrtum
2184 1455 2523 1557 proiice-

1507 1562 1639 1631 re't
1669 1571 1938 1661 pater.

278 1708 356 1780 In
404 1703 591 1782 liliris
623 1718 746 1786 est
811 1710 1096 1783 misera
1108 1763 1134 1804 ,
1202 1720 1280 1785 ut
1343 1713 1759 1787 scribendum
1822 1714 2119 1788 videatur
2183 1736 2367 1812 quos
2434 1722 2524 1787 tu

278 1812 587 1885 misera.
689 1812 923 1911 Neque
975 1816 1149 1913 quod
1200 1816 1484 1889 coniecit
1531 1815 1973 1890 Neukirchius
1988 1869 2015 1911 ,
2068 1826 2164 1888 ut
2192 1826 2524 1918 partum

264 1915 611 2017 proiectt²
656 1917 1069 1991 scribendum
1121 1943 1266 1991 esse
1280 1970 1306 2010 ,
1372 1919 1637 2016 probari
1702 1928 1945 2018 potest.
2064 1918 2249 1993 Nihil
2307 1922 2526 2019 impe-

281 2020 376 2093 dit
445 2021 615 2092 enim
632 2072 658 2113 ‚
729 2020 884 2117 quin
935 2045 1068 2094 non
1120 2021 1201 2093 de
1265 2022 1565 2120 exposito
1614 2023 1749 2096 iam
1808 2047 2039 2121 puero,
2094 2023 2213 2097 sed
2261 2023 2343 2096 de
2395 2047 2524 2098 ex-

205 2204 217 2211 ,
276 2124 580 2221 ponendo
633 2148 999 2197 sermonem
1029 2148 1199 2197 esse
1254 2125 1621 2198 credamus.

483 2257 568 2332 In
629 2261 938 2335 vicesimo
1024 2261 1310 2335 secundo
1390 2262 1755 2359 fragmento
1836 2263 2221 2363 typographi
2299 2253 2521 2338 errore

273 2363 626 2464 puer-wia
673 2388 797 2462 pro
837 2364 1190 2465 pueritia
1243 2366 1560 2464 scriptum
1624 2374 1955 2464 putamus.

486 2499 571 2573 In
632 2502 1032 2576 incertarum
1110 2503 1476 2577 fabularum
1556 2504 1920 2601 fragmento
2002 2504 2523 2580 duodevicesimo

171 2628 175 2632 ·
214 2693 218 2704 .
287 2604 431 2677 tibi
472 2631 608 2680 non
655 2614 837 2679 recte
888 2607 1085 2704 longa
1134 2606 1364 2679 ultima
1414 2609 1738 2706 positnmz

541 2803 644 2817 —-
713 2759 992 2831 accedo
1072 2757 1182 2831 ad
1258 2770 1335 2832 tc
1400 2762 1497 2831 u't
1514 2860 1550 2932 l
1572 2758 1720 2830 tibi
1793 2761 2165 2832 cervicem
2206 2760 2526 2854 fingam

1544 2864 1779 2936 iuteo.

286 3012 424 3090 Aut
472 3015 547 3088 in
597 3013 745 3087 tibi
785 3015 935 3087 finis
988 3023 1133 3088 erat
1179 3039 1433 3110 versus,
1486 3024 1602 3088 aut
1650 3016 1825 3089 ictus
1877 2971 1977 3089 sic
2025 3014 2347 3114 ponendix

540 3196 648 3210 —-
699 3151 981 3227 accedo
1049 3153 1155 3225 άά
1218 3164 1294 3226 te
1308 3206 1332 3245 ,
1404 3164 1496 3226 ut
1514 3256 1549 3327 l
1577 3153 1725 3226 tibi
1783 3157 2155 3227 cervicem
2206 3154 2526 3249 fingam

1544 3261 1779 3331 iuteo.

492 3408 795 3510 Apparet
823 3434 908 3483 ex
935 3411 1037 3483 his
1087 3411 1634 3504 adnotationibus,
1692 3436 1860 3510 quae
1889 3411 2199 3484 laudabili
2244 3411 2529 3510 diligen-

288 3516 380 3589 tia
409 3523 811 3611 exsequutus
862 3522 965 3587 est
1005 3512 1477 3608 Nenkirchius,
1532 3516 1642 3589 hic
1693 3516 1826 3588 illic
1864 3515 2198 3588 meliorem
2247 3539 2528 3589 succes-

287 3644 432 3692 sum
482 3617 785 3689 habitura
833 3616 1078 3710 fuisse,
1135 3618 1193 3690 si
1244 3619 1453 3714 magis
1506 3618 1589 3689 ad
1643 3643 1723 3691 ea
1774 3618 2198 3711 attendisset,
2248 3618 2320 3690 in
2371 3619 2529 3716 qui-

288 3722 407 3794 bus
462 3720 786 3818 elegantia
847 3721 1064 3819 posita
1129 3729 1232 3794 est
1295 3722 1456 3794 artis
1471 3774 1497 3815 ,
1579 3746 1710 3819 qua
1770 3746 1999 3794 versus
2060 3722 2359 3795 fecerunt
2407 3747 2531 3796 ve-

288 3833 463 3899 teres
529 3832 763 3921 poetae
829 3821 1101 3897 Latini:
1182 3849 1349 3922 quae
1428 3824 1689 3922 quidem
1767 3848 1876 3897 res
1952 3848 2110 3897 sane
2176 3849 2311 3899 non
2369 3834 2532 3923 pot-

291 3937 391 4002 est
438 3928 568 4001 nisi
616 3927 812 4024 longo
863 3951 989 3999 usu
1035 3928 1294 4025 penitus
1346 3928 1685 4047 cognosci.
1787 3923 2006 4000 Simul
2057 3934 2287 4000 autem
2322 3928 2533 4001 velle-

295 4057 461 4125 mus,
514 4056 648 4104 uon
694 4031 1119 4130 praecipuam
1170 4054 1393 4104 curam
1453 4031 1525 4102 in
1574 4037 1787 4104 metra
1846 4030 2306 4152 impendisset,
2361 4053 2530 4128 quae

295 4137 417 4208 etsi
465 4134 843 4209 necessaria
895 4142 995 4207 est
1061 4135 1145 4234 ad
1211 4133 1732 4208 constituendam
1797 4135 2228 4233 scripturam,
2281 4141 2530 4227 tamen,

296 4238 596 4335 quoniam
668 4238 739 4309 in
814 4237 972 4310 solis
1047 4237 1222 4310 vitiis
1298 4237 1704 4310 removendis
1778 4245 2116 4329 versatur,
2182 4259 2316 4310 non
2367 4237 2531 4310 satis

296 4340 475 4435 facit,
531 4340 645 4413 ubi
694 4340 1195 4438 explicationem
1245 4341 1660 4439 requirimus.
1761 4338 1880 4413 Ex
1931 4365 2060 4440 quo
2111 4363 2359 4438 genere.
2398 4363 2529 4439 pa-

298 4450 390 4517 tet
435 4444 643 4519 multa
692 4443 930 4538 adhuc,
983 4444 1066 4516 de
1118 4443 1352 4541 quibus
1403 4444 1723 4543 disputari
1774 4445 2011 4545 possit,
2066 4444 2323 4552 relictas
2350 4467 2526 4538 esse,
