3275 5317
685 460 788 527 22
1500 461 1627 523 DE·
1667 459 2153 528 AESCHYLx

648 622 778 702 811!
778 649 1000 709 σκους
1049 623 1486 698 introduxerit
1535 620 1928 720 AeschyluS,
1982 624 2250 697 chorum
2273 622 2478 697 fuisse
2506 617 2921 722 Satyrorum,

640 741 647 747 “
690 727 869 801 seria
918 726 1178 825 quidem
1226 728 1554 824 agentium
1569 778 1595 819 ,
1666 728 1888 824 quales
1939 727 2196 801 scilicet
2243 735 2724 800 monumentum
2774 723 2926 823 Ly-

686 831 954 904 'sicratis
1003 831 1072 902 in
1116 828 1374 903 Stuarti
1403 827 1918 927 Antiquitatibus
1943 827 2348 904 Athenarum
2376 830 2506 904 vol.
2537 828 2600 902 I.
2653 829 2817 927 pict.
2844 833 2923 904 4.

686 933 1018 1007 ostendat.
1133 932 1511 1031 Pugnantes
1578 931 1855 1029 Satyros
1917 933 2113 1007 hahet
2175 933 2337 1005 illud
2401 940 2884 1009 monumentum
2900 958 2923 1005 e

695 1046 764 1111 et
814 1061 1033 1134 pugna
1083 1045 1260 1109 certe
1311 1061 1418 1109 res
1484 1036 1658 1108 seria
1725 1045 1849 1110 est.
1980 1034 2123 1109 Sed
2191 1036 2447 1133 longius
2511 1035 2929 1134 progreditur

494 1158 496 1161 ’
638 1215 645 1221 ,
695 1140 1118 1213 Welckerus.
1221 1138 1536 1212 Vinctum
1601 1164 1746 1213 esse
1812 1139 1893 1211 ab
1943 1139 2045 1211 his
2113 1138 2372 1236 Satyris
2447 1139 2715 1212 coniicit
2774 1135 2927 1235 Ly-

694 1267 968 1339 curgum
1017 1243 1089 1315 in
1136 1239 1523 1341 Appendice
1574 1267 1644 1340 p.
1707 1248 1743 1314 l
1759 1239 1878 1315 18.
1935 1267 2118 1340 seqq.
2173 1250 2366 1341 atque
2418 1242 2582 1315 adeo
2632 1266 2766 1313 non
2815 1241 2930 1312 ni·-

689 1347 817 1419 mis
845 1345 1134 1441 argutari
1167 1352 1381 1443 putat,
1435 1346 1548 1443 qui
1578 1347 1971 1443 suspicetur,
2026 1371 2189 1443 quos
2234 1344 2678 1443 Apollodorus
2724 1367 2927 1441 equos

690 1448 1001 1547 appellet,
1052 1449 1135 1520 iis
1189 1473 1337 1520 eum
1387 1446 1664 1545 Satyros
1685 1475 1694 1492 ¹
1718 1449 2133 1545 designasse,
2189 1449 2360 1546 quod
2407 1448 2507 1519 illi
2553 1448 2626 1519 iu
2688 1470 2929 1520 monu-

690 1552 926 1624 mentis
976 1558 1047 1624 et
1093 1551 1371 1650 picturis
1422 1552 1706 1649 antiquis
1756 1576 1958 1650 saepe
2007 1552 2251 1625 caudas
2303 1552 2571 1650 equinas
2620 1550 2926 1624 habeant.
2965 1637 2974 1655 υ

689 1653 907 1728 Video
958 1655 1309 1728 miraturos
1361 1680 1506 1728 esse
1557 1654 1905 1728 nonnullos
1959 1654 2229 1728 chorum
2292 1655 2365 1726 iu
2426 1653 2769 1751 tragoedia
2815 1653 2930 1725 iu·-

689 1782 923 1831 venum
975 1782 1127 1831 cum
1178 1757 1404 1831 caudis
1472 1757 1723 1856 equinis
1740 1810 1765 1851 ,
1819 1758 2352 1856 dubitaturosque
2398 1758 2680 1830 fortasse
2730 1756 2929 1829 etiam

689 1860 772 1933 de
824 1886 929 1953 eo,
984 1884 1067 1932 au
1118 1885 1355 1934 nomen
1402 1862 1661 1933 fabulae
1711 1860 2116 1939 Νεανίσκοι
2163 1886 2297 1933 non
2347 1861 2436 1932 sit
2485 1884 2526 1931 a
2569 1860 2768 1933 choro
2798 1859 2929 1931 du·-

689 1971 892 2037 ctum.
998 1962 1140 2036 Sed
1202 1964 1501 2035 habuerit
1564 1963 1787 2034 fabula
1851 1964 2121 2036 chorum
2186 1964 2528 2035 iuvenum:
2601 1987 2757 2033 num
2805 1962 2928 2035 hos

690 2063 969 2163 Satyros
1021 2091 1168 2139 esse
1220 2059 1614 2163 oportebat?
1734 2064 1909 2138 Illud
1960 2066 2219 2163 quidem
2281 2074 2465 2139 recte
2517 2065 2678 2138 dicit
2725 2064 2930 2137 Wel-

689 2167 955 2262 ckerus,
1009 2168 1068 2240 si
1115 2168 1215 2239 illi
1263 2176 1562 2266 pastores
1610 2167 1889 2241 fuissent
1948 2174 2241 2241 armenta
2287 2168 2357 2240 in
2404 2167 2715 2264 Pangaeo
2765 2192 2931 2265 pas·-

680 2277 915 2344 -centes
931 2324 956 2365 ,
1023 2293 1066 2343 a
1128 2271 1299 2344 vitae
1365 2294 1605 2367 genere
1670 2270 1889 2368 potius
1949 2295 2145 2370 quam
2213 2270 2330 2341 ab
2363 2278 2580 2343 aetate
2649 2271 2925 2347 inditam

688 2374 895 2447 fuisse
962 2374 1485 2472 appellationem.
1564 2370 1689 2446 At
1754 2374 1977 2471 quidni
2036 2373 2281 2447 fuerint
2344 2374 2610 2448 iuvenes
2676 2370 2925 2466 Edoni,

687 2484 960 2575 recepto
1026 2478 1180 2550 novi
1231 2477 1337 2549 dei
1401 2477 1587 2550 cultu
1637 2501 1832 2550 sacra
1892 2476 2231 2550 Baccluca
2281 2471 2743 2551 celebrantes?
2846 2475 2930 2581 Id

689 2580 850 2656 milii
902 2580 1160 2678 quidem
1209 2580 1382 2652 haud
1432 2579 1670 2677 paullo·
1709 2579 2083 2690 credibilius
2134 2581 2413 2673 videtur,
2491 2604 2686 2678 quam
2735 2581 2929 2653 iuve-

687 2706 846 2757 num
897 2683 1399 2782 appellationem
1446 2689 1859 2781 praetextam
1909 2708 2055 2757 esse
2104 2708 2335 2803 parum
2378 2684 2650 2780 tragicis
2702 2684 2928 2757 caudis

688 2787 968 2884 equinis.
999 2786 1230 2859 Habeo
1257 2812 1410 2859 vero
1439 2786 1617 2876 aliud
1654 2812 1934 2885 quoque,
1964 2788 2138 2884 quod
2170 2787 2267 2860 ita
2301 2794 2402 2860 est
2423 2811 2579 2860 cum
2607 2788 2734 2860 hac
2762 2812 2929 2860 con-

686 2889 945 2963 iectura
984 2891 1406 2964 coniunctum
1419 2943 1444 2984 ,
1490 2898 1566 2963 ut
1606 2891 1801 2963 simul
1844 2891 2088 2989 aliquid
2126 2891 2207 2963 de
2251 2897 2628 2987 argumento
2670 2891 2928 2963 fabulae

688 2994 947 3091 aperire
995 2995 1316 3067 videatur.
1418 2992 1503 3065 In
1545 2994 2005 3067 dissertatione
2047 2994 2187 3088 illa,
2239 3018 2437 3091 quam
2483 2994 2564 3066 de
2594 2994 2930 3091 composi-

687 3097 866 3169 tione
930 3097 1418 3191 tetralogiarum
1480 3098 1759 3194 scripsi,
1826 3097 2119 3171 dubitare
2185 3123 2290 3170 me
2355 3122 2501 3169 sum
2566 3097 2925 3194 professus,

687 3223 801 3291 au,
854 3222 1020 3296 quae
1069 3200 1278 3271 tribus
1325 3200 1681 3295 tragoediis
1746 3200 2103 3274 addebatur
2150 3195 2371 3271 fabula
2419 3199 2704 3295 satyrica
2717 3253 2742 3294 ,
2794 3226 2928 3275 non

687 3300 986 3374 debuerit
1032 3325 1185 3374 cum
1231 3300 1363 3374 illis
1411 3301 1767 3397 tragoediis
1834 3302 2198 3402 argumenti
2259 3304 2751 3400 perpetuatione
2802 3328 2928 3377 co-

686 3404 928 3503 pulari.
1031 3401 1374 3477 Absonum
1426 3404 1598 3477 enim
1649 3412 1717 3477 et
1767 3412 1906 3477 tum
1973 3404 2132 3476 milii
2199 3406 2538 3479 videbatur
2604 3414 2676 3479 et
2737 3407 2927 3479 vide-

692 3517 804 3581 tur
853 3507 1230 3601 etiamnum,
1282 3509 1493 3580 virum
1540 3506 1886 3629 insignem,
1941 3509 2127 3581 cuius
2180 3509 2436 3581 adversi
2487 3533 2682 3582 casus
2732 3510 2927 3583 modo

692 3609 1108 3682 miseratione
1160 3618 1353 3709 atque
1401 3610 1701 3684 horrore
1725 3611 1975 3684 animos
2028 3609 2469 3710 spectatorum
2516 3612 2923 3710 implessent,

688 3714 864 3818 inter
911 3709 1299 3809 Satyrorum
1367 3713 1693 3787 ioculares
1757 3714 1939 3786 lusus
2002 3715 2527 3812 petulantemque
2589 3715 2927 3788 lasciviam

688 3811 764 3890 iu
812 3839 1013 3890 scena
1062 3816 1382 3915 conspici.
1485 3817 1791 3890 Tametsi
1840 3818 2013 3889 enim
2060 3817 2434 3890 recreandis
2485 3825 2680 3914 atque
2730 3818 2926 3890 exhi-

689 3920 976 3994 larandis
1025 3927 1177 4018 post
1228 3920 1402 3992 seria
1451 3928 1518 3993 et
1566 3920 1783 3993 tristia
1834 3921 2065 3993 animis
2127 3919 2442 3992 inservire
2503 3921 2923 3995 concedimus

689 4024 977 4096 fabulam
1025 4023 1398 4120 satyricam,
1450 4031 1669 4096 tamen
1719 4023 1788 4095 id
1837 4048 1971 4096 non
2022 4023 2120 4095 sic
2172 4030 2314 4095 erat
2362 4020 2797 4120 efficiendum,
2849 4033 2926 4099 ut

686 4126 1057 4200 recordatio
1104 4127 1389 4218 illorum,
1442 4150 1608 4224 quae
1656 4126 1879 4224 paullo
1943 4134 2095 4198 aute
2143 4125 2443 4222 admirati
2493 4137 2713 4202 essent
2762 4154 2923 4227 spe-

690 4235 1000 4323 ctatores,
1050 4230 1277 4302 humili
1324 4230 1456 4303 ista
1500 4228 1767 4302 levitate
1815 4227 2200 4325 Satyrorum
2227 4235 2556 4328 tamquam
2600 4232 2747 4306 labe
2797 4232 2922 4304 ad·-
3028 4311 3033 4324 ‚

694 4352 926 4429 spersa
988 4333 1539 4408 contaminaretur
1598 4357 1686 4407 ac
1747 4332 2009 4431 penitus
2077 4342 2624 4432 corrumperetur.
2744 4334 2920 4428 Quid

695 4432 894 4531 igitur
955 4433 1244 4510 dicemus
1258 4489 1285 4530 ,
1373 4437 1546 4538 quod
1603 4435 1941 4537 Lycurgia
2003 4432 2315 4535 Aeschyli
2378 4436 2786 4557 apertissimo
2815 4556 2821 4562 η
2851 4447 2921 4512 et
