3275 5317
896 492 901 499 ’
961 491 1387 557 PlcTVRA
1429 492 1950 561 PARIETVM.
2412 494 2545 562 221

305 677 482 726 mum
544 651 926 727 memoravit
996 650 1434 729 Philostratus
1494 655 1564 728 in
1626 655 1792 730 Vita
1854 654 2192 755 Apollonii
2256 655 2347 732 V.
2414 654 2544 733 22.

306 754 666 860 ἐτύγχανε
718 755 841 833 δὲ
856 757 986 832 καὶ
1032 757 1423 889 μειράκιον
1485 756 1946 835 νεόπλουτόν
2007 789 2090 835 τε
2138 759 2269 836 καὶ
2319 762 2547 837 ἀπαί-

304 860 619 948 δευτον,
688 858 1333 993 olxodqptoziuevov
1401 861 1651 939 οὶκίαν
1732 862 1907 940 τινὰ
1976 866 2060 939 ἐν
2126 873 2220 961 τῇ
2276 862 2544 964 Ρόὸῳ,

301 963 430 1039 καὶ
483 964 872 1063 ξυμφέρον
923 967 996 1049 ἐς
1048 965 1289 1061 αὐτὴν
1339 963 1648 1067 γραφάς
1710 972 1790 1041 τὲ
1841 965 2205 1052 παντοίας
2255 965 2386 1043 καὶ
2436 967 2547 1042 λί-

300 1071 500 1151 θους
553 1070 631 1152 ἐξ
681 1064 1046 1145 ἁπάντων
1096 1071 1377 1145 ἐθνῶν.
1479 1068 1656 1142 Illud
1703 1094 1859 1143 vero
1910 1069 2106 1145 facile
2150 1071 2549 1146 concedetur

299 1170 659 1263 Rochetto‚
711 1171 783 1242 in
832 1167 1136 1245 Socratis
1186 1172 1401 1245 verbis
1465 1171 1640 1270 apud
1700 1172 2209 1304 Xenophontem
2259 1174 2548 1249 Memor.

300 1272 434 1346 III.
492 1275 570 1366 8,
631 1277 747 1348 10.
799 1273 1126 1376 γραφαὶ
1120 1273 1232 1351 δὲ
1284 1275 1412 1349 καὶ
1461 1274 1820 1351 ποικιλίαι
1870 1275 2246 1362 πλείονας
2267 1278 2550 1377 εὐφρο-
2656 1278 2664 1284 ’

303 1373 543 1461 σύνας
595 1377 1142 1476 ἀποστεροῦσιν
1190 1376 1241 1475 ἢ
1293 1379 1789 1475 παρέχουσιν,
1855 1403 2022 1477 quae
2089 1388 2244 1455 sunt
2294 1380 2375 1454 de
2426 1404 2550 1454 ae-

299 1480 492 1552 dibus
543 1481 944 1578 privatorum
996 1481 1196 1575 dicta,
1249 1480 1614 1567 ποικιλίας
1681 1481 2101 1580 intelligenda
2150 1508 2296 1557 esse
2346 1507 2549 1556 orna-

299 1590 524 1656 menta
573 1583 933 1680 parietibus
984 1584 1183 1678 illita,
1237 1610 1405 1683 quae
1456 1583 1911 1683 ποικίλματα
1963 1586 2210 1660 dicta
2189 1612 2260 1659 m
2312 1583 2549 1660 Oeco-

300 1711 481 1759 nom.
535 1711 601 1759 c.
657 1691 732 1779 9,
788 1689 862 1760 2.
915 1695 984 1760 et
1029 1686 1330 1762 Platonis
1379 1688 1629 1787 Hippia
1677 1689 1833 1761 mai.
1898 1713 1969 1786 p.
2025 1692 2202 1763 298.
2254 1687 2348 1762 A.
2400 1687 2551 1763 Ae-

298 1790 481 1865 liano
531 1814 688 1887 vero
739 1797 807 1863 et
855 1798 1126 1889 propter
1175 1800 1539 1890 temporum
1567 1792 1889 1865 rationem
1916 1799 1984 1864 et
2015 1800 2290 1890 propter
2336 1792 2550 1890 ipsius

302 1893 650 1991 scriptoris
711 1892 1043 1966 levitatem
1107 1894 1267 1966 nihil
1331 1895 1744 1968 tribuendum
1807 1901 2034 1993 putat,
2102 1896 2414 1968 scribenti
2476 1896 2549 1968 in

299 1995 395 2069 V.
447 1995 543 2068 II.
595 1992 797 2069 XIV.
858 2000 978 2071 17.
1031 1993 1450 2094 Σωκρατης
1502 1999 1748 2102 ἔλεγεν
1788 1998 2206 2096 Ἀρχέλαον
2254 2003 2359 2083 εἷς
2406 1996 2550 2095 τὴν

303 2097 554 2176 οὶκίαν
578 2098 1064 2195 τετρακοσίας
1094 2109 1294 2198 μνᾶς
1319 2102 1711 2177 αναλῶσαι
1738 2105 2012 2187 Ζεῦξιν
2047 2098 2549 2235 μισθωσαμε-

302 2231 448 2279 νον
516 2201 657 2279 τὸν
711 2200 1272 2324 Ἡρακλεώτην,
1339 2208 1470 2282 ἵνα
1537 2205 1780 2301 αὐτὴν
1845 2202 2347 2327 καταγραφοι.
2637 2290 2664 2313 a

303 2309 443 2380 sive
492 2330 651 2380 vera
700 2307 839 2379 sive
887 2307 1057 2379 falsa
1105 2308 1374 2381 tradidit
1424 2305 1743 2382 Aelianus
1758 2360 1784 2401 ,
1839 2316 2021 2382 certe
2083 2309 2363 2408 picturis
2429 2332 2549 2384 or-

303 2411 450 2482 nari
502 2410 729 2483 domos
778 2409 892 2483 illo
942 2418 1236 2509 tempore
1286 2436 1419 2485 non
1466 2412 1804 2486 insolitum
1868 2411 2073 2485 fuisse
2138 2412 2357 2511 prodit
2418 2412 2549 2484 hoc

301 2512 782 2587 testimonium.
838 2536 1225 2636 quamquam
1275 2516 1647 2613 parietesne
1716 2540 1803 2588 an
1866 2515 2127 2631 tabulae
2188 2515 2549 2614 parietibus

302 2617 691 2692 inserendae
736 2616 962 2715 pictae
1015 2619 1172 2710 sint,
1225 2642 1360 2690 non
1412 2619 1745 2692 docemur.
2239 2674 2252 2690 .

510 2718 638 2791 His
688 2720 828 2792 fere
878 2720 1276 2816 argumentis
1331 2723 1512 2815 (nam
1565 2723 1813 2796 leviora
1863 2721 2180 2819 quaedam
2244 2729 2550 2820 praeter-

305 2830 416 2909 eo)
470 2847 618 2896 eam
667 2821 1034 2896 Rochettus
1087 2825 1473 2896 sententiam
1527 2825 1966 2922 amplectitur,
2018 2834 2094 2897 ιιι
2122 2849 2200 2898 eo
2227 2833 2547 2945 tempore,

304 2952 434 3026 quo
485 2925 770 2998 maxime
819 2926 1094 2999 florebat
1144 2927 1317 3024 apud
1370 2924 1672 3000 Graecos
1722 2950 1833 2998 ars
1881 2926 2212 3025 pingendi,
2264 2927 2336 2999 in
2383 2927 2549 3025 ipsis

302 3030 663 3129 parietibus
676 3080 704 3148 ,⁹
758 3028 852 3100 si
885 3037 1264 3101 ornamenta
1328 3030 1741 3128 excipiantur
1754 3081 1780 3122 ‚
1850 3030 2012 3103 nihil
2075 3031 2326 3128 pictum
2399 3051 2548 3102 esse

301 3142 516 3232 putet,
569 3131 697 3204 nisi
745 3132 817 3203 in
867 3131 1192 3204 nonnullis
1244 3133 1676 3206 monumentis
1727 3133 2197 3231 sepulcralibus
2236 3141 2305 3207 et
2336 3132 2548 3205 serius

304 3238 505 3310 etiam
551 3236 623 3306 in
692 3234 959 3308 aedibus
1024 3235 1336 3333 privatis,
1407 3237 1526 3309 sed
1590 3244 1667 3309 ut
1729 3260 2081 3334 numquam
2144 3237 2274 3312 hoc
2339 3260 2548 3332 genus

302 3345 689 3442 argumenta
735 3337 1052 3411 historica
1101 3340 1687 3437 comprehenderit.
1795 3340 1983 3433 Quae
2036 3340 2326 3438 quamvis
2356 3340 2549 3435 docte

304 3445 436 3516 sint
488 3437 960 3538 diligenterque
1012 3443 1339 3539 exposita,
1391 3451 1611 3516 tamen
1662 3443 1911 3541 aliquid
1961 3443 2381 3517 dubitationis
2431 3467 2548 3515 re-

302 3548 532 3620 lictum
582 3544 855 3618 videtur.
960 3541 1070 3618 Ac
1118 3545 1331 3643 primo
1383 3547 1668 3644 quidem,
1724 3547 1850 3619 etsi
1878 3546 2366 3620 concedendum
2416 3554 2644 3639 est,15

302 3650 654 3748 plerosque
705 3647 1062 3745 scriptores
1110 3658 1244 3723 tam
1296 3651 1594 3747 ambigue
1644 3651 1848 3748 loqui,
1902 3658 1976 3723 ut
2004 3674 2130 3724 nec
2160 3649 2389 3723 testari
2416 3672 2543 3747 pa-

302 3754 541 3826 rietum
592 3752 919 3849 picturam
967 3776 1093 3825 nec
1144 3777 1276 3825 non
1328 3754 1543 3850 pictos
1596 3752 1968 3849 significare
2017 3753 2381 3845 videantur,
2433 3761 2545 3826 ta-

302 3881 453 3929 men
502 3854 667 3928 illnd
716 3878 847 3926 non
898 3862 1001 3927 est
1050 3862 1405 3947 ostensum,
1458 3856 1773 3929 historica
1825 3865 2207 3953 argumenta
2255 3879 2297 3927 a
2322 3855 2548 3954 parie-

186 3982 205 4006 ι
304 3960 478 4033 tibus
529 3957 735 4030 fuisse
786 3958 1082 4031 exclusa.
1186 3957 1326 4030 Vix
1379 3959 1550 4030 enim
1595 3959 1777 4032 credi
1800 3968 2043 4057 potest,
2098 3983 2265 4058 quae
2313 3960 2383 4030 in
2434 3982 2551 4032 se-

302 4062 552 4160 pulcris
605 4069 813 4153 erant,
867 4085 998 4134 non
1050 4086 1088 4135 e
1137 4083 1376 4158 genere
1425 4061 1740 4135 historico
1782 4062 2024 4135 fuisse.
2002 4088 2020 4107 ·
2075 4063 2299 4154 immo,
2354 4064 2553 4158 qu'um

176 4160 203 4177 ”
288 4162 697 4240 ‘confiteatur
761 4163 1129 4238 Rochettus
1145 4216 1170 4256 ,
1236 4162 1503 4237 Ardeae
1569 4174 1637 4238 et
1701 4163 1991 4238 Lanuvii
2054 4166 2125 4237 in
2189 4164 2550 4285 parietibus

304 4271 486 4366 picta
532 4269 779 4360 fuisse,
816 4290 983 4365 quae
1033 4266 1289 4340 Plinius
1339 4267 1654 4341 XXXV.
1688 4271 1761 4341 6.
1814 4293 1887 4341 se
1938 4268 2325 4341 admiratum
2376 4268 2552 4342 scri-

305 4372 424 4465 bit,
476 4371 880 4445 luculentum
931 4370 1239 4442 habemus
1290 4396 1411 4470 pro
1450 4362 1766 4444 historica
1790 4371 2051 4468 pictura
2080 4371 2552 4446 testimonium.

310 4471 429 4549 Sic
478 4483 699 4549 autem
767 4474 916 4545 ille.
987 4482 1304 4545 exstant
1364 4484 1575 4547 certe
1640 4472 2008 4574 hodwqwe
2075 4473 2552 4573 antiqmbres
