3275 5317
1198 449 1635 546 ἰιοιιιιιιι
2013 497 2023 503 -
2351 479 2356 485 ·
2464 478 2554 548 ss
2640 529 2652 548 ι

319 640 389 713 ιι
433 644 668 739 quarto
715 638 884 713 libro
934 642 1517 716 nola—619.
1580 640 1925 739 leguntur,
1985 648 2332 742 postquam
2379 666 2549 718 con·-

317 752 419 817 tra
465 767 663 842 quam
708 742 881 818 ratio
932 750 1001 817 et
1050 743 1452 818 consuetudo
1502 746 1917 844 antiquorum
1981 746 2316 844 epicorum
2378 745 2550 821 ferat

312 847 679 945 interrupta
724 847 814 920 sit
860 846 1173 941 narratio,
1222 848 1446 946 inepte
1494 849 1708 948 repeti
1753 846 1905 921 libri
1951 847 2120 923 XV.
2174 874 2235 924 v.
2297 853 2334 922 l
2347 853 2546 923 13—-

323 955 490 1023 119.
560 974 648 1023 an
694 950 810 1024 ille
856 975 994 1024 non
1041 951 1218 1025 dicat
1264 951 1404 1025 illic
1452 952 1642 1049 sequi
1702 952 2011 1026 omissam
2057 952 2131 1025 in
2179 960 2411 1051 quarto
2456 953 2547 1025 li-

44 1015 45 1026 *
154 1095 167 1106 ·
311 1052 428 1126 bro
476 1053 798 1152 reliquam
861 1061 1119 1153 partem
1181 1054 1571 1128 narrationis
1587 1048 1626 1128 Ρ
1743 1054 1934 1129 Haec
1999 1062 2067 1129 et
2133 1055 2371 1128 similia
2435 1054 2547 1155 qui

310 1156 843 1250 consideraverit,
895 1158 1139 1255 aliquid
1189 1157 1338 1252 sibi,
1392 1158 1589 1231 credo
1602 1209 1628 1251 ,
1681 1158 1976 1256 scrupuli
2020 1157 2324 1232 relictum
2371 1157 2547 1232 fate-

306 1259 507 1352 bitur',
560 1260 1003 1358 dubitabitque
1069 1286 1156 1333 an
1203 1261 1315 1333 ille
1364 1285 1586 1334 rerum
1652 1261 1812 1336 ordo
1849 1261 1991 1364 qui
2054 1285 2231 1338 nunc
2295 1268 2399 1335 est
2463 1261 2547 1335 iis

307 1361 644 1456 debeatur,
698 1363 811 1462 qui
861 1364 1058 1485 quod·
1083 1364 1339 1437 diversa
1387 1387 1470 1441 ac
1534 1364 1818 1439 fortasse
1881 1365 2080 1438 etiam
2146 1364 2546 1440 diversorum

304 1474 648 1563 poetarum
698 1468 989 1540 carmina
1036 1468 1108 1539 ιιι
1156 1490 1358 1541 ιιιιιιιιι
1407 1492 1650 1566 corpus
1700 1468 1942 1542 vellent
1991 1466 2411 1563 coniungere,
2465 1491 2548 1541 ea

305 1593 441 1644 non
490 1568 828 1666 potuerint
875 1595 1008 1643 non
1054 1572 1152 1644 ita
1194 1578 1615 1664 connectere,
1667 1578 1743 1643 ιιι
1769 1572 2054 1669 aliquam
2079 1595 2300 1644 rerum
2327 1579 2547 1668 aptam
2600 1663 2607 1671 ι

303 1672 807 1791 perpetuitatem
856 1680 926 1746 et
965 1674 1446 1747 cohaerentiam
1476 1681 2034 1748 consectarentur.
2140 1672 2339 1765 Quod
2386 1672 2543 1746 Vli-

304 1774 406 1846 xis
455 1799 571 1848 res
623 1777 1156 1873 componentibus
1206 1802 1338 1850 non
1388 1784 1532 1850 erat
1579 1776 1992 1876 perdifficile,
2045 1802 2242 1876 quum
2287 1799 2406 1849 eae
2433 1801 2541 1850 res

301 1877 438 1950 fere
490 1885 561 1951 et
610 1877 794 1951 circa
842 1878 1006 1952 duos
1055 1888 1309 1953 tantum
1356 1879 1651 1951 homines
1701 1888 2154 1972 versarentur,
2223 1886 2291 1953 et
2338 1879 2410 1949 ιιι
2457 1878 2541 1951 ιιι

300 1980 668 2054 hominibus
734 1981 947 2079 primo
1012 1982 1372 2080 separatis,
1440 1980 1675 2065 deinde
1740 1982 2145 2074 coniunctis,
2213 2005 2359 2054 sese
2411 1981 2543 2054 alia

299 2083 494 2155 aliam
545 2093 915 2181 tempormn
966 2084 1192 2156 ordine
1244 2082 1651 2180 exciperent.
1753 2082 1839 2157 Id
1887 2084 2060 2156 enim
2122 2109 2540 2183 percommo-

299 2186 451 2259 dum
502 2186 808 2260 accidere
860 2186 1159 2279 debebat,
1212 2186 1411 2284 quod,
1466 2210 1633 2283 quae
1658 2187 2113 2283 coniungenda
2138 2196 2382 2279 essent,
2435 2194 2542 2260 et-

298 2290 489 2365 iamsi
539 2290 787 2388 aliquid
837 2314 1064 2362 eorum
1114 2290 1209 2361 ab
1246 2289 1394 2361 aliis
1445 2296 1624 2362 esset
1672 2290 1889 2387 poetis
1940 2290 2132 2364 aliter
2181 2298 2540 2383 narratum,

298 2397 542 2486 tamen,
598 2393 657 2465 si
712 2393 1033 2490 deinceps
1095 2393 1274 2466 ali’ud
1335 2389 1489 2490 post
1554 2392 1734 2465 aliud
1800 2393 2277 2485 collocaretur,
2345 2393 2542 2466 facile

298 2504 607 2595 poterant
653 2497 725 2569 in
788 2520 1178 2570 consensum
1240 2503 1311 2569 et
1374 2495 1925 2593 conspirationem
1988 2496 2247 2570 adduci.
2351 2494 2542 2570 Haec

299 2624 497 2698 quum
549 2600 918 2692 considero,
969 2624 1201 2673 vereor
1249 2623 1333 2673 ne
1348 2651 1373 2692 ,
1448 2601 1561 2697 qui
1625 2599 1807 2672 illam
1871 2599 2074 2673 totius
2139 2599 2355 2698 operis
2421 2599 2542 2673 de·-

298 2704 732 2799 signationem
779 2703 853 2775 in
903 2700 1207 2800 Odyssea
1253 2703 1553 2775 laudibus
1583 2703 1929 2795 extollunt,
1982 2703 2056 2774 in
2082 2711 2344 2800 poetam
2374 2728 2543 2776 con-

298 2807 527 2886 ferant
562 2806 634 2878 id
648 2858 674 2900 ,
743 2806 918 2903 quod
982 2807 1088 2879 vel
1152 2830 1316 2879 casu
1388 2807 1494 2879 vel
1554 2806 1950 2879 necessitate
2015 2806 2112 2878 ita
2157 2804 2408 2879 ferente
2459 2806 2540 2878 ab

299 2911 446 3008 ipsa
493 2934 717 2983 rerum
764 2917 1195 2983 tractatarum
1243 2916 1479 2982 natura
1529 2917 1674 2980 erat
1712 2908 2137 3006 repetendum
2151 2959 2177 3001 ,
2197 2933 2541 3028 ‚praeser-

296 3015 417 3087 tim
467 3037 666 3111 quum
718 3014 913 3086 etiam
963 3013 1294 3110 aliquanto
1345 3020 1536 3109 post,
1609 3015 1751 3085 arte
1801 3012 1994 3108 longe
2044 3012 2253 3107 magis
2305 3011 2541 3083 excul-

300 3126 410 3210 ta,
462 3124 702 3215 poetae
753 3116 1013 3212 tragici,
1066 3115 1179 3212 qui
1227 3123 1379 3188 ante
1431 3115 1660 3188 oculos
1709 3113 2033 3187 habebant
2081 3114 2262 3186 illam
2312 3110 2540 3210 Odys-

300 3244 480 3294 seam
496 3271 522 3313 ,
590 3220 794 3293 multo
857 3219 1259 3292 brevioribus
1321 3218 1394 3289 ιιι
1457 3217 1818 3316 poematis,
1896 3218 2110 3338 iisque
2177 3242 2328 3293 cum
2394 3218 2542 3316 ipsa

297 3324 623 3398 factorum
675 3322 933 3396 actione
984 3330 1052 3395 et
1088 3322 1687 3419 repraesentatione
1715 3321 2108 3414 coniunctis,
2162 3321 2318 3419 quid
2340 3345 2540 3393 unum

300 3436 475 3501 esset
540 3426 791 3500 factum
868 3449 1335 3523 saepenumero
1399 3449 1533 3498 non
1614 3426 2034 3523 perspexisse
2099 3424 2531 3522 reperiantur.

300 3531 524 3623 Quare
587 3530 814 3603 licebit
858 3529 1166 3649 'opinioni
1230 3528 1598 3625 opinionem
1637 3553 2018 3625 ‚o.pponere
2138 3526 2314 3600 Nam
2378 3527 2583 3625 quido

297 3633 474 3707 aliud
525 3657 721 3733 quam
770 3633 1140 3730 opinionem
1191 3656 1337 3704 esse
1387 3632 1707 3723 dicamus,
1759 3632 1957 3704 talem
2002 3631 2220 3705 statim
2272 3630 2355 3702 ab
2406 3629 2540 3701 ini—

294 3739 391 3811 fio
406 3789 432 3831 ,
488 3737 747 3836 qualem
796 3735 992 3808 hodie
1041 3735 1353 3807 habemus
1368 3785 1393 3827 ,
1464 3735 1858 3832 descriptam
1928 3759 2074 3808 esse
2143 3731 2537 3830 Odysseam,

301 3841 454 3939 quia
503 3838 842 3915 commode
895 3839 1114 3920 omnia
1176 3838 1534 3936 procedere
1609 3846 1806 3934 atque
1872 3838 1959 3911 ad
2020 3862 2220 3909 unum
2288 3846 2537 3910 certum

300 3943 494 4019 finem
541 3944 811 4018 tendere
860 3935 1256 4015 videantur?
1361 3941 1550 4035 Quae
1600 3942 1975 4015 coniunctio
2025 3940 2310 4039 partium
2361 3939 2420 4011 si
2471 3949 2540 4012 et

300 4048 515 4145 potuit
565 4054 635 4120 et
682 4045 906 4119 debuit
955 4045 1183 4118 eadem
1233 4053 1351 4118 aut
1396 4044 1726 4117 simillima
1767 4045 2069 4136 evadere,
2123 4042 2377 4115 etiamsi
2404 4066 2538 4114 non

300 4150 617 4247 cogitavit
665 4150 749 4222 de
799 4172 881 4223 ea
926 4149 1177 4247 primus
1192 4151 1484 4242 auctor,
1563 4173 1701 4222 non
1738 4149 2127 4223 deteriorem
2157 4145 2362 4217 videri
2414 4169 2538 4218 ne-

308 4278 490 4327 cesse
543 4260 648 4326 est
697 4252 1087 4326 contrariam
1141 4251 1509 4351 opinionem
1525 4304 1552 4346 ,
1617 4253 1952 4327 meliorem
2016 4256 2237 4322 autem
2298 4256 2369 4322 et
2419 4272 2539 4322 ve-

306 4356 543 4430 riorem
590 4354 844 4449 haberi,
894 4355 957 4427 si
1002 4355 1076 4442 in
1123 4354 1271 4453 ipso
1300 4363 1602 4454 poemate
1632 4379 1800 4451 quae
1825 4380 1971 4429 eam
1997 4339 2383 4429 confirment
2412 4352 2538 4425 do-

310 4466 630 4553 cumenta,
682 4458 903 4560 qualia
967 4453 1325 4556 quaedam
1345 4458 1775 4533 indicavimus
1790 4510 1817 4561 ,
1866 4458 2298 4559 reperiantur.
2402 4454 2538 4528 At·-
