3275 5317
714 460 846 563 236
1454 457 1575 520 DE
1614 454 2197 520 BAcHMANNt

713 625 892 697 714.
944 643 1095 695 cum
1154 616 1481 718 plerisque
1544 618 1691 693 aliis
1758 603 1953 692 codd.
2026 617 2263 716 ἄκρας
2334 611 2685 713 praebeat,
2762 617 2942 692 sicut

710 717 870 798 alibi
919 725 1163 823 ἄκραν
1214 723 1655 796 accusativum
1704 721 2163 795 Bachmaunus
2214 718 2515 792 servavit.

916 824 1008 900 V.
1069 829 1187 899 18.
1239 827 1308 898 in
1358 826 1459 897 his
1509 824 1766 918 verbis,
1820 827 1902 899 ἐν
1949 821 2262 919 κοίτῃσι,
2313 829 2443 916 τῆς
2470 820 2757 916 Κερνης
2808 823 2945 896 πέ-

714 941 872 1018 λας,
925 929 1050 1002 etsi
1097 954 1223 1002 nec
1270 929 1421 1000 libri
1469 927 1879 1026 discrepant,
1947 935 2016 1001 et
2066 926 2290 998 eadem
2341 925 2514 1022 apud
2562 922 2945 998 Draconem

714 1032 1274 1107 Stratonicensem
1325 1031 1652 1128 scriptura
1701 1039 1803 1103 est
1816 1081 1842 1123 ,
1894 1037 2113 1102 tamen
2160 1051 2399 1125 pravus
2451 1026 2767 1101 articulus
2817 1028 2944 1120 ita,

713 1145 791 1210 ut
838 1135 1152 1210 sermonis
1202 1135 1316 1206 lex
1361 1134 1676 1231 postulat,
1727 1134 1797 1204 in
1845 1138 2010 1217 ταῖς
2060 1131 2335 1206 debebat
2362 1129 2621 1203 mutari.

916 1235 1010 1311 V.
1063 1240 1189 1312 22.
1236 1236 1726 1334 interpunctum
1774 1242 1915 1310 esta

1327 1391 1408 1463 αἱ
1455 1386 1540 1463 δὲ
1590 1383 2210 1487 παρθενοκτόνον
2267 1385 2481 1462 Θέτιν

954 1488 1432 1583 ἲουλόπεζοι
1480 1495 1749 1567 θεῖνον
1798 1491 2077 1575 εὐῶπες
2117 1485 2490 1576 σπάθαις,

954 1604 963 1610 ’
1015 1602 1620 1697 πελαργοχρῶτες
1671 1596 1752 1670 αἱ
1802 1599 2282 1693 Φαλακραῖαι
2329 1587 2567 1709 κόραι.

716 1750 814 1823 At
863 1748 962 1822 sic
1012 1748 1321 1822 distincta
1385 1744 1692 1822 oratione‘
1746 1746 2059 1821 articulus
2125 1753 2275 1818 ante
2337 1752 2945 1846 πελαργοχρῶτες

714 1851 1050 1951 ponendus
1081 1898 1085 1903 -
1117 1858 1296 1925 erat:
1332 1876 1568 1950 {quare
1628 1860 1782 1950 post
1848 1856 2448 1952 πελαργοχρῶτες
2461 1897 2488 1939 ,
2553 1849 2727 1945 quod
2786 1872 2958 1923 cums

710 1960 980 2032 θεῒνον
1030 1956 1545 2053 coniungendam
1595 1963 1722 2048 est,
1739 1956 1760 1973 ‘
1776 1954 2084 2051 distingui
2132 1950 2495 2048 oportebat.

864 2055 1011 2131 V.
1066 2057 1110 2129 5
1125 2064 1191 2131 l.
1242 2083 1375 2132 non
1424 2058 1810 2132 assentimur
1856 2057 2280 2130 Bacbmanno
2295 2105 2322 2147 ,
2390 2059 2620 2125 contra
2678 2053 2943 2149 pleros-

715 2185 843 2260 que
892 2161 1121 2252 libros,
1170 2160 1240 2232 in
1293 2161 1523 2259 quibus
1575 2168 1677 2233 est
1726 2160 1887 2232 Par.
1936 2157 2028 2232 A.
2080 2158 2220 2233 τὸν
2250 2155 2532 2250 ‘'Atdnv
2557 2153 2958 2254 ὃεξιούμε-·

712 2291 859 2342 νον
906 2260 1137 2339 πάλαι
1190 2263 1540 2355 scribenti,
1607 2263 1803 2361 idque
1865 2262 2283 2360 participium
2347 2284 2499 2333 cum
2515 2258 2942 2389 quibusdam
3005 2298 3018 2313 ·

712 2368 998 2464 antiquis
1049 2367 1508 2463 interpretibus
1560 2364 1657 2437 de
1691 2364 1981 2439 Hercule
2028 2389 2167 2462 pro
2207 2357 2804 2460 χειρωσάμενον
2835 2362 2941 2434 di-

715 2477 898 2544 otum
945 2469 1225 2565 putanti.
1331 2466 1506 2539 Nam
1552 2492 1680 2539 nec
1731 2467 1990 2541 defendi
2037 2468 2238 2539 haec
2264 2464 2714 2564 interpretatio
2780 2472 2941 2564 pot-

716 2578 859 2665 est,
931 2570 1060 2642 nisi
1124 2593 1435 2667 perquam
1500 2568 1855 2644 artificiosa
1923 2568 2361 2670 explicatione
2425 2567 2710 2642 adhibita
2719 2619 2747 2661 ,
2814 2591 2982 2659 nec,

714 2674 1046 2773 praesenti
1094 2673 1203 2746 hic
1251 2674 1437 2746 locus
1491 2681 1616 2746 est.

920 2774 1013 2850 V·
1070 2781 1194 2850 93.
1248 2802 1332 2848 ne
1384 2801 1707 2850 consensu
1755 2775 2015 2874 quidem
2065 2773 2350 2848 omnium
2384 2773 2700 2849 librorum
2728 2769 2939 2846 addu—

714 2879 952 2975 cimur,
1003 2887 1079 2954 ut
1129 2879 1473 2980 scripsisse
1521 2878 2026 2980 Lycophronem
2076 2878 2418 2952 credamus

920 3032 1024 3117 ὥς
1072 3029 1366 3133 πρόσθε
1417 3029 1735 3120 κάλλους
1781 3032 1923 3110 τὸν
1970 3029 2365 3133 θυωρίτην
2412 3036 2769 3130 τριπλαῖς.

711 3181 888 3261 Nam
937 3209 1067 3259 non
1121 3185 1311 3258 modo
1363 3185 1702 3279 articulus,
1754 3178 1946 3284 quem
1993 3180 2407 3286 paraphrasis
2438 3197 2690 3284 quoque
2739 3183 2941 3258 omit-

711 3288 823 3380 tit,
873 3286 983 3360 hic
1035 3287 1186 3358 addi
1252 3312 1384 3359 non
1446 3289 1701 3387 potuit,
1769 3288 1886 3361 sed
1935 3314 2042 3378 ne,
2092 3293 2429 3387 τριπλαῖς
2499 3286 2753 3386 quidem
2802 3296 2938 3377 tam

715 3389 890 3463 nude
938 3390 1222 3486 positum
1273 3414 1418 3462 esse
1470 3390 1778 3464 credibile
1829 3400 1957 3486 est,
2006 3400 2084 3464 ut
2131 3399 2267 3465 tres
2319 3391 2503 3484 deae,
2571 3414 2732 3488 quas
2794 3389 2937 3462 Pa·-

716 3493 810 3565 ris
859 3492 1266 3585 iudicaverit,
1321 3490 1864 3588 significarentur.
1968 3492 2169 3569 Certo
2217 3494 2327 3568 bic
2374 3494 2479 3566 vel
2540 3492 2853 3566 articulus
2896 3517 2940 3564 a

717 3597 1078 3692 glossatore
1129 3595 1495 3693 adscriptus
1546 3601 1789 3691 θεαῖς,
1840 3621 2007 3696 quae
2055 3595 2426 3671 necessaria
2473 3621 2600 3670 vox
2630 3593 2778 3689 est,
2810 3621 2937 3669 ex-
3077 3672 3084 3680 ,

721 3698 913 3796 pulit,
963 3699 1069 3771 vel
1115 3699 1451 3795 imperitus
1502 3700 1736 3800 aliquis
1785 3700 2095 3775 metricus
2110 3751 2137 3793 ,
2206 3700 2318 3774 cui
2371 3699 2441 3772 iu
2490 3722 2683 3771 unam
2733 3699 2937 3795 sylla-

716 3800 898 3921 bam·
918 3808 1324 3875 contractum
1371 3805 1588 3890 θεαῖς
1638 3803 1913 3879 offensui
1962 3810 2179 3899 esset,
2230 3802 2398 3878 male
2462 3825 2718 3878 versum
2768 3826 2938 3878 con-

719 3903 1013 4080 sumitV.
1072 4005 1245 4083 153.
1295 4006 1582 4107 epitheta
1632 4007 1895 4083 Cereris
1944 4032 2075 4082 non
2126 4006 2441 4083 debebant
2503 4004 2772 4107 virgulis
2826 4031 2940 4080 se-

715 4111 961 4209 parari,
1011 4111 1185 4209 quod
1232 4113 1382 4184 usui
1431 4136 1628 4210 quum
1675 4113 1952 4187 aliorum
1998 4101 2336 4209 poetarum
2381 4119 2519 4186 tum
2538 4108 2937 4207 Lycophro-

718 4213 823 4284 nis
842 4220 1271 4393 ἔθρηςιιόαζγ
1325 4213 1411 4288 Id
1471 4214 1718 4289 dictum
1780 4217 2075 4288 volumus
2138 4214 2335 4288 etiam
2399 4213 2480 4287 de
2542 4213 2694 4287 aliis
2740 4212 2933 4305 locis,

722 4320 798 4387 ut
889 4341 1039 4508 &Vt
1076 4420 1247 4495 154.
1312 4419 1455 4494 sine
1505 4417 1903 4495 dubitatione
1970 4418 2461 4533 praeferendum
2525 4424 2709 4512 erat,
2762 4416 2933 4517 quod
