3275 5317
1221 487 1622 559 nouam.
2331 515 2342 522 “
2453 492 2544 559 67

303 654 524 746 Quare
576 648 952 728 necessaria
998 667 1153 751 pars
1203 652 1396 728 huius
1444 652 1757 730 carminis
1806 675 1888 728 ea
1937 662 2065 748 est,
2117 673 2285 754 qnae
2316 658 2538 732 conti-

297 765 487 830 netur
534 756 687 829 libri
734 751 902 828 XV.
955 780 1021 829 v.
1081 762 1159 828 1.·
1200 781 1386 856 seqq.
1436 758 1507 829 in
1557 781 1689 855 qua
1737 757 1797 830 si
1837 758 2156 855 scriptum
2203 759 2328 834 fuit
2373 760 2536 832 illud

296 881 358 932 v.
410 858 591 935 595.
647 875 791 958 sqq.
843 871 977 931 non
1026 860 1209 958 prins
1235 861 1452 959 fugari
1480 860 1817 934 Troianos
1844 861 2012 934 velle
2036 859 2286 956 Iovem,
2339 887 2535 959 quam

294 963 512 1061 ignem
560 962 944 1037 iniecissent
990 964 1299 1038 navibuse
1353 972 1652 1063 apertum
1704 973 1830 1058 est,
1881 972 2021 1038 tum
2051 964 2312 1039 demum
2340 964 2538 1038 finem

293 1065 538 1163 imponi
585 1065 862 1139 carmini
906 1068 1227 1165 potuisse.
1328 1065 1412 1140 Id
1461 1067 1785 1165 quomodo
1824 1067 2071 1141 factum
2102 1069 2214 1161 sit,
2266 1068 2338 1140 in
2388 1092 2536 1141 am·-

291 1168 488 1265 biguo
538 1169 930 1266 relinquam.
1031 1161 1390 1267 Longioris
1438 1171 1614 1243 enim
1677 1170 1807 1245 1100
1869 1177 2067 1266 atque
2130 1171 2537 1246 enucleatio-
2633 1251 2638 1258 ,
2687 1247 2698 1252 ,

290 1271 382 1345 ris
428 1271 893 1372 disputationis
942 1279 1070 1367 est5
1123 1287 1318 1371 quam
1366 1265 1481 1347 cui
1527 1273 1657 1348 hoc
1705 1273 1777 1345 in
1812 1273 2032 1346 libello
2060 1291 2328 1373 operam
2376 1273 2537 1348 dare

288 1375 562 1473 possim.
662 1363 840 1447 Illud
885 1389 1020 1448 non
1069 1395 1623 1474 supervacaneum
1673 1385 1776 1451 est
1820 1377 2095 1470 moneri,
2146 1377 2535 1475 scriptorem

288 1477 481 1551 huius
531 1478 867 1572 carminis,
919 1478 1242 1552 mirabilia
1290 1488 1688 1579 captantem,
1725 1479 2011 1560 sleorum
2056 1481 2225 1554 actis
2274 1480 2535 1553 descri-

288 1580 520 1653 bendis
604 1580 794 1654 valde
872 1603 1021 1655 esse
1102 1583 1524 1657 delectatum.
1655 1582 1764 1657 Ac
1831 1583 1915 1655 de
1981 1582 2254 1656 deorum
2317 1584 2534 1657 inter-
2623 1591 2629 1604 '

288 1692 488 1757 ventu
537 1697 739 1783 (11111111
786 1679 945 1758 olim
990 1684 1108 1783 qni
1158 1686 1241 1758 de
1288 1675 1477 1784 poesi
1525 1686 1719 1785 epica
1768 1685 2215 1759 disseruerunt
2263 1687 2535 1785 copiose

291 1777 801 1886 disputaverint,
848 1787 914 1862 si
937 1788 1083 1885 quis
1132 1787 1328 1860 hodie
1339 1829 1366 1882 ·,
1417 1789 1666 1880 rectius
1719 1789 1982 1886 cognito
2031 1787 2323 1863 Homero
2339 1841 2366 1882 ,
2419 1790 2532 1888 qui
2571 1837 2578 1844 -

288 1879 432 1963 tons
483 1889 611 1989 fnit
658 1890 918 1962 illarum
968 1879 1476 1989 disputationum
1490 1942 1517 1984 ,
1584 1900 1873 1965 tractare
1936 1893 2274 1964 materiam
2334 1892 2530 1966 istam

288 1993 566 2067 voluerit
584 2020 607 2066 z
657 2007 790 2066 non
854 1987 1116 2066 debebit
1162 1992 1326 2069 illud
1389 1995 1721 2090 negligere
1737 2045 1764 2086 ,
1817 1994 1991 2092 quod
2051 1993 2240 2066 valde
2306 1994 2531 2093 dispar

285 2096 355 2169 111
402 2095 782 2169 Homericis
833 2095 1229 2169 carminibus
1278 2096 1441 2168 illud
1492 2097 1764 2170 deorum
1814 2096 2128 2170 auxilium
2178 2104 2283 2169 est
2299 2149 2325 2190 ‚
2377 2122 2530 2170 mo-

287 2199 580 2272 deratum
630 2197 788 2271 alibi
836 2206 907 2271 01
956 2198 1147 2296 quale
1198 2200 1543 2272 conveniat
1591 2199 2004 2273 credentibus
2069 2200 2277 2297 magis
2326 2224 2531 2299 prae-

286 2310 504 2376 sentes
556 2326 704 2375 esse
755 2301 916 2374 deos
970 2326 1163 2398 quam
1211 2300 1601 2395 videntibus,
1655 2303 1812 2398 alibi
1860 2303 2146 2376 solutum
2189 2303 2307 2375 illa
2335 2328 2530 2377 vere-

288 2405 549 2500 cundia,
602 2404 771 2478 actis
822 2405 1092 2479 deorum
1141 2412 1211 2478 et
1260 2406 1667 2479 sermonibus
1730 2406 2074 2506 propalam
2121 2408 2192 2478 in
2242 2430 2529 2506 conspe-

287 2516 463 2583 ctum
515 2508 841 2582 adductis.
1475 2566 1492 2574 ..

487 2605 742 2685 Videor
792 2619 1232 2710 consequutus
1284 2635 1430 2685 esse
1479 2611 1657 2709 quod
1724 2612 2133 2710 propositum
2181 2612 2524 2706 habebam,

284 2723 355 2788 ut
423 2714 838 2789 ostenderem
899 2714 1111 2787 factas
1178 2738 1326 2787 esse
1387 2713 1925 2813 interpolationes
1992 2717 2062 2787 in
2129 2715 2525 2789 carminibus

285 2816 657 2891 Homericis
719 2840 1106 2916 permagnas
1120 2868 1147 2909 ,
1229 2841 1441 2914 neque
1457 2868 1484 2909 ,
1564 2825 1643 2890 111
1706 2817 2083 2890 existimare
2125 2818 2339 2891 ‘visus
2422 2826 2526 2891 est

283 2919 687 3013 Nitzschius,
738 2921 810 2991 in
856 2943 1217 3018 paucorum
1265 2941 1571 2993 versuum
1619 2920 1726 2993 vel
1787 2919 2153 2993 adiectione
2216 2913 2322 2992 vel
2370 2945 2526 2994 mu-

281 3026 527 3097 tatione
579 3024 1037 3097 consistentes.
1102 3087 1107 3092 .
1140 3017 1340 3120 Elegi
1391 3030 1608 3095 autem
1621 3074 1649 3116 ,
1703 3045 1903 3121 quum
1952 3022 2115 3094 alias
2165 3024 2516 3120 potuerim,

281 3127 457 3199 illam
507 3133 764 3226 partem
812 3125 1067 3220 Iliadis,
1121 3150 1290 3224 quae
1337 3126 1681 3224 potissima
1730 3133 1856 3218 est,
1910 3126 1969 3197 si
2017 3125 2340 3199 inventori
2390 3126 2619 3201 110016

282 3230 401 3304 fuit
450 3230 826 3323 consilium,
878 3228 1054 3327 quod
1100 3230 1170 3302 in
1220 3228 1545 3327 principio
1598 3229 1816 3328 operis
1844 3228 2159 3303 indicavit
2170 3280 2196 3321 ‚
2248 3238 2325 3303 111
2377 3230 2526 3303 cla-

283 3333 394 3406 des
445 3340 719 3408 caneret
765 3341 1038 3431 propter
1084 3332 1253 3405 iram
1302 3331 1585 3405 Achillis
1652 3340 1987 3430 acceptas.
2102 3331 2259 3406 Non
2308 3334 2524 3406 minus

284 3445 547 3536 apertae
597 3436 1135 3534 interpolationes
1185 3443 1324 3508 tum
1371 3436 1443 3507 in
1490 3433 1622 3507 illis
1672 3435 1856 3506 libris
1909 3436 2021 3533 qui
2046 3434 2219 3508 hane
2266 3443 2523 3534 partem

261 3539 702 3639 praecedunt,
753 3549 894 3612 tum
943 3533 1015 3608 in
1062 3538 1146 3611 iis
1199 3538 1312 3636 qui
1358 3561 1508 3610 eam
1556 3544 1950 3634 sequuntur,
2003 3546 2281 3636 possunt
2328 3562 2524 3611 mon-

282 3643 497 3717 strari.
612 3640 813 3715 Nunc
829 3693 855 3734 ‚
917 3655 1004 3714 110
1070 3641 1216 3738 quis
1280 3640 1452 3714 hanc
1515 3639 1787 3712 Biadem
1802 3692 1829 3734 ,
1911 3642 2101 3713 cuius
2167 3641 2522 3740 descriptio

281 3746 726 3823 sollertissime
784 3742 1166 3842 excogitata
1216 3767 1363 3816 esse
1413 3743 1667 3817 credita
1716 3750 1859 3836 est,
1923 3751 2171 3817 temere
2235 3742 2520 3842 discerpi

282 3858 345 3924 01
391 3850 582 3950 quasi
631 3847 931 3921 dilaniari
983 3854 1330 3945 queratur,
1396 3846 1595 3920 etiam
1645 3869 1947 3919 caussam
1995 3847 2290 3921 indicare
2343 3848 2516 3940 volo,

280 3975 363 4027 ex
410 3977 543 4051 qua
588 3960 778 4026 ortae
828 3952 959 4025 sint
1006 3953 1207 4024 istae·
1247 3949 1786 4049 interpolationes
1833 3950 2167 4048 miraeque
2230 3949 2518 4049 partium

280 4057 697 4130 traiectiones
771 4063 844 4128 et
922 4054 1392 4128 connexiones.
1525 4052 1936 4152 Quamquam
2012 4054 2081 4125 id
2155 4053 2271 4126 vix
2347 4075 2515 4150 opus

282 4183 419 4233 esse
485 4160 805 4251 arbitror,
872 4177 1070 4256 quum
1132 4157 1384 4255 pridem
1435 4157 1576 4229 eius
1640 4153 1741 4229 rei
1802 4157 2123 4229 rationem
2186 4154 2515 4253 explicate

284 4262 851 4337 demonstraverim
917 4257 989 4333 in
1051 4261 1304 4358 hymnis
1368 4255 1744 4333 Homericis
1805 4257 2208 4355 Hesiodique
2274 4258 2515 4331 Theo-

284 4367 494 4461 gonia.
623 4363 799 4439 Nam
848 4363 1077 4438 eadem
1123 4387 1237 4437 res
1288 4387 1488 4463 quum
1541 4364 1623 4435 ab
1677 4362 1822 4438 aliis
1873 4362 2086 4461 poetis
2155 4361 2347 4435 aliter
2397 4386 2513 4434 es-

286 4477 382 4544 set
427 4477 732 4545 enarrata
779 4475 975 4566 atque
1048 4467 1416 4567 descripta,
1480 4466 1596 4565 qui
1657 4472 1845 4565 parte
1910 4465 2293 4642 argiqniofis
2353 4488 2514 4539 car·-
