3275 5317
61 4129 66 4256 i

63 4397 66 4484 5

936 484 1702 553 MYlunnonvs
1746 494 1858 556 ete.
1947 566 1953 573 ,
2124 459 2135 467 ’
2384 447 2517 557 15⁹

475 646 734 722 Priami
782 648 870 721 ad
916 644 1248 723 Achillem
1296 648 1493 724 verba
1542 671 1693 724 esse
1739 649 2041 724 videntur
2101 673 2271 751 quae
2317 652 2516 729 habet

271 752 672 849 Hesychius,
713 752 898 893 ‘apud
952 775 1144 850 quem
1207 753 1526 851 scriptum
1591 762 1729 826 est.
1795 752 2514 884 διαπεφρούρη-

271 886 427 933 ται
475 855 732 955 βίος·
785 853 1163 952 Αἰσχύλος
1214 855 1533 952 Φρυξίν.
1605 856 1772 932 οἷον
1834 855 1883 953 ἡ
1949 856 2081 934 διὰ
2145 867 2285 934 τοῦ
2335 858 2517 959 βίου

274 957 588 1090 φρουρὰ
638 959 914 1056 (legitur
964 955 1261 1058 φθορὰ)
1330 960 1923 1049 συντετέλεσται,
1972 957 2023 1056 ἢ
2075 959 2521 1058 διελήλυθεν

272 1064 311 1140 ὃ
354 1060 663 1160 χρόνος.
770 1061 1029 1135 Vereor
1079 1070 1154 1135 ut
1204 1063 1364 1134 satis
1414 1071 1599 1136 recte
1653 1063 1739 1135 sit
1788 1064 2283 1163 interpretatus.
2345 1063 2522 1139 Nam

271 1174 666 1241 conservata
712 1166 932 1264 potius
983 1166 1052 1237 in
1104 1172 1204 1239 tot
1246 1165 1459 1257 malis,
1511 1167 1932 1264 pereuntibus
1959 1168 2287 1265 plerisque
2335 1167 2515 1263 filiis,

269 1271 410 1343 vita
465 1267 829 1365 significari
891 1268 1188 1360 videtur,
1270 1292 1544 1366 eumque
1612 1268 1698 1341 ad
1761 1269 2104 1343 terminum
2166 1272 2516 1370 producta,

272 1373 380 1469 qui
444 1370 648 1443 finem
713 1370 915 1444 faciat
982 1370 1408 1444 custodiendi.
1525 1369 1842 1445 Fortasse
1908 1373 2037 1447 hoc
2103 1399 2361 1473 quoque
2428 1400 2513 1448 ex

271 1473 653 1550 Homericis
702 1473 836 1545 illis
888 1495 1283 1571 expressum
1323 1482 1468 1547 erat
1514 1499 1580 1549 v.
1635 1478 1816 1549 486.
1923 1557 1930 1567 ‚

472 1619 772 1711 μνῆσαι
821 1609 1107 1710 πατρὸς
1160 1618 1349 1700 σοῖο,
1402 1614 1614 1696 θεοῖς
1669 1610 1992 1689 ἐπιείκελ’
2036 1612 2412 1712 Ἀχιλλεῦ,

473 1722 790 1811 τηλικοῦ
843 1713 1083 1815 ὥςπερ
1139 1712 1360 1818 ἐγών,
1416 1716 1611 1815 ὀλοῷ
1664 1715 1783 1790 ἐπὶ
1831 1714 2113 1818 γήραος
2164 1718 2400 1819 οὐδῷ.

473 1851 689 1925 Aliud
739 1876 826 1924 ex
873 1851 1126 1924 Priami
1178 1851 1471 1925 oratione
1520 1852 1951 1949 fragmentum
2017 1855 2300 1929 servavit
2347 1852 2520 1930 Sto-

270 1955 468 2028 baeus
529 1953 830 2028 CXXV.
885 1958 956 2029 7.
1024 1956 1198 2053 apud
1264 1979 1454 2052 quem
1519 1980 1651 2028 non
1714 1957 1855 2028 sine
1924 1958 2174 2031 mendis
2238 1959 2514 2055 legitur·

272 2056 665 2155 Αἰσχύλου
696 2057 1087 2156 (Έκτορος.
1142 2057 1271 2131 καὶ
1318 2056 1498 2142 τοὺς
1548 2055 1941 2144 θανόντας
1992 2067 2057 2135 εἴ
2099 2061 2341 2146 θελεις
2391 2062 2517 2138 εὐ-

274 2169 625 2291 εργετεῖν.
695 2160 781 2236 τὸ
850 2169 1046 2292 γοῦν
1107 2167 1557 2263 κακουργεῖν
1626 2162 2084 2261 αμφιδεξίως
2137 2165 2320 2261 εχει,
2387 2164 2519 2241 καὶ

274 2262 450 2364 μήτε
512 2263 811 2363 χαίρειν
877 2260 1061 2363 μήτε
1130 2269 1534 2340 λυπεῖσθαι
1599 2262 1964 2365 βροτούς·
2045 2275 2187 2341 tum
2263 2267 2519 2366 reliqua

276 2377 476 2442 recte.
595 2366 930 2441 Omittuut
982 2373 1047 2441 εἰ
1096 2369 1340 2452 θελεις
1391 2368 1655 2443 codices
1705 2370 1796 2441 A.
1851 2370 1937 2442 B.
1941 2371 2341 2469 ,iidemque
2394 2372 2520 2446 de·

275 2471 495 2545 iude‘
468 2504 514 2548 ο
626 2479 767 2547 οὖν
816 2470 1082 2545 habent.
1181 2469 1265 2543 Ιιι
1314 2473 1508 2545 tertio
1562 2495 1756 2545 versu
1804 2469 2171 2547 Salmasius
2231 2482 2345 2576 τῷ
2391 2497 2517 2573 pro

278 2573 418 2650 καί.
489 2502 995 2671 ¹Ezagmentum
1048 2574 1176 2647 hoo
1226 2576 1322 2647 ita
1371 2575 1826 2649 scribendum:

474 2695 613 2773 καὶ
660 2694 839 2781 τοὺς
888 2692 1281 2780 θανόντας
1333 2702 1400 2771 εἰ
1447 2698 1696 2780 θέλεις
1745 2695 2180 2799 εὐεργετεῖν,

476 2801 608 2875 εἴτ’
662 2795 805 2875 οὖν
857 2807 1330 2929 κακουργεῖν,
1388 2799 1848 2899 ἀμφιδεξίως
1902 2802 2047 2896 ε’χει

477 2911 596 3002 τῶ
644 2898 828 2999 μήτε
871 2901 1171 3001 χαίρειν
1216 2899 1402 3001 μήτε
1456 2906 1861 2978 λυπεῖσθαι
1914 2895 2267 3002 φθιτούς.

479 3006 710 3105 ἡμῶν
758 3034 843 3108 γε
893 3006 1153 3103 μέντοι
1200 3002 1494 3103 νεμεσίς
1547 3006 1713 3081 εσθ”
1765 3004 2161 3104 ὑπερτερα,

476 3109 613 3186 καὶ
660 3117 800 3184 τοῦ
849 3104 1233 3193 θανόντος
1281 3108 1330 3204 ἡ
1379 3107 1552 3203 δίκη
1602 3105 1925 3207 πρασσει
1960 3104 2210 3184 κότον.

477 3228 575 3302 Εἰ
626 3229 949 3321 sermoni,
1016 3229 1129 3327 qui
1180 3228 1411 3301 deiude
1461 3229 1636 3302 inter
1683 3229 2020 3302 Priamum
2053 3236 2249 3326 atque
2278 3222 2521 3300 Achil-

282 3332 404 3407 lem
454 3335 609 3420 fuit,
683 3332 1072 3405 vindicanda
1121 3333 1404 3405 arbitror
1452 3332 1582 3404 duo
1660 3333 2023 3429 fragmenta
2100 3330 2274 3429 apud
2348 3327 2523 3404 Sto·-

282 3434 512 3514 haeum
559 3434 689 3508 IV.
752 3434 870 3507 15.
926 3443 992 3508 et
1051 3439 1167 3507 19.
1273 3432 1382 3509 Eo
1432 3436 1504 3508 in
1553 3435 1705 3509 loco
1769 3435 2163 3534 scriptorum
2226 3434 2521 3506 notatio·

284 3562 397 3612 nes
446 3539 868 3613 vehementer
917 3539 1333 3636 perturbatae
1383 3546 1537 3611 sunt
1549 3590 1574 3631 ,
1627 3537 1745 3611 sed
1794 3538 1967 3611 bona
2014 3538 2278 3610 fortuna
2327 3537 2518 3609 acci-

263 3639 399 3735 ffit,
451 3651 530 3716 ut
576 3666 880 3716 versuum
929 3642 1190 3714 illorum
1256 3642 1368 3714 alii
1418 3665 1505 3715 ex
1568 3642 2025 3739 superstitibus
2089 3639 2327 3712 fabulis
2389 3662 2519 3737 pe·

285 3745 385 3818 titi
432 3747 589 3839 sint,
644 3746 758 3818 alii
807 3746 889 3817 de
938 3744 1280 3843 scriptore
1308 3746 1436 3844 ipsi
1484 3746 1733 3818 faciant
1779 3743 2117 3818 indicium.
2234 3740 2525 3840 Legitur

288 3856 496 3923 autem
545 3850 617 3922 in
659 3849 951 3946 margine
999 3846 1383 3943 Αἰσχύλου
1436 3849 1841 3946 adscriptum
1890 3872 2022 3921 nou
2072 3847 2136 3919 ei
2168 3846 2277 3921 cui
2315 3870 2522 3944 opor-

289 3951 461 4025 tehat
510 3953 730 4026 versui
743 4001 770 4044 ,
848 3952 1222 4050 pariterque
1283 3951 1503 4050 paullo
1570 3960 1725 4049 post
1773 3950 1949 4050 apud
2013 3946 2397 4032 Schowium
2443 3972 2516 4046 p.

298 4057 461 4127 112.
512 4080 710 4155 quum
759 4056 1230 4152 praecessisset
1276 4053 1618 4152 Euripidis
1667 4079 1931 4148 nomeu,
1983 4062 2122 4129 τοῦ
2147 4054 2386 4128 αυτοῦ
2436 4055 2519 4127 εν

294 4159 537 4254 Φρυξὶ
587 4159 910 4232 adiectum
963 4168 1066 4231 est
1113 4159 1330 4251 versui
1379 4159 1669 4251 heroico,
1724 4158 1837 4256 qui
1860 4180 1994 4231 non
2037 4163 2140 4230 est
2179 4152 2521 4251 Aeschyli-

294 4255 431 4333 Sed
490 4262 630 4336 hic
665 4271 883 4334 tamen
945 4262 1177 4334 titulus
1244 4269 1612 4360 opportune
1693 4268 1916 4333 monet
1993 4279 2197 4330 unum
2257 4257 2522 4332 illorum

167 4391 172 4398 ·
295 4360 787 4461 fragmentorum
830 4364 912 4437 ad
931 4363 1228 4461 Phryges
1258 4363 1590 4461 Aeschyli
1601 4387 1747 4436 esse
1778 4362 2227 4436 referendum·
2206 4414 2228 4453 ,
2282 4386 2524 4459 quum·-

63 4503 64 4532 ι
158 4536 166 4543 .
301 4488 417 4563 que
464 4468 649 4563 illud,
703 4468 876 4569 quod
926 4467 1149 4568 paullo
1200 4475 1353 4542 ante
1404 4493 1491 4542 ex
1544 4467 1773 4544 eodem
1822 4472 2025 4570 poeta
2049 4465 2320 4540 allatum
2371 4488 2523 4540 esse
2615 4497 2622 4505 ·
