3275 5317
1217 443 1617 513 nouum.
2449 446 2537 516 ‘23

318 627 434 703 quo
481 603 745 701 lougius
797 604 1075 704 quisque
1120 603 1355 680 hermu
1402 604 1634 680 Iliadis
1686 613 1755 682 et
1784 603 2125 703 Odysseae
2173 607 2537 732 interpela-

311 719 517 783 torum
566 708 651 781 ab
703 708 952 806 antiqui
996 708 1175 782 illius
1222 708 1497 786 Homeri
1535 733 1700 786 aevo
1722 709 1954 804 abfuit,
2007 734 2090 788 eo
2126 708 2205 786 fit
2251 713 2391 786 veri
2436 713 2538 790 si·—

88 821 93 896 )
311 811 547 902 milius.
652 809 975 886 Crescere
1025 812 1199 888 enim
1246 820 1580 914 tempore
1611 812 1836 888 debuit
1882 812 2059 889 fama
2104 812 2380 892 Homeri
2428 824 2538 890 at·-

88 907 91 936 ²
310 938 427 1013 que
477 915 870 1009 auctoritas,
919 922 1234 1012 tantaque
1300 924 1402 990 est
1465 916 1793 1014 opinionis
1855 916 1932 992 in
1991 915 2325 1000 hominum
2388 917 2540 994 ani-

307 1042 443 1091 mos
491 1018 621 1111 vis,
673 1026 751 1091 ut
798 1042 932 1092 non
979 1018 1277 1094 videatur
1323 1018 1566 1115 ambigi
1628 1043 1828 1117 posse
1839 1071 1866 1112 ,
1931 1020 2090 1116 quin
2154 1044 2328 1119 quae
2389 1019 2543 1102 He·-

305 1119 467 1198 meri
516 1120 916 1194 carminibus
965 1121 1221 1195 intexta
1247 1121 1788 1220 perhiberentur,
1835 1122 2045 1197 multe
2091 1124 2244 1222 plus
2292 1124 2543 1220 gratiae
2671 1175 2680 1184 -

303 1220 839 1322 auctoritatisque
860 1248 906 1297 a
928 1231 1110 1302 tanto
1159 1225 1420 1302 nomine
1468 1225 1837 1320 habuerint,
1888 1249 2086 1346 quam
2123 1227 2184 1300 si
2207 1235 2323 1308 aut
2371 1227 2545 1348 alio·-

303 1351 448 1400 rum
497 1350 588 1400 ex
639 1327 1025 1426 antiquitate
1075 1325 1421 1426 poetarum
1467 1328 1752 1408 obseura
1797 1329 2064 1408 uomina
2075 1380 2109 1432 ,
2167 1337 2284 1413 aut
2349 1329 2545 1406 novi·-

304 1431 395 1509 tia
443 1430 736 1550 illorum,
787 1454 832 1506 a
883 1431 1116 1529 quibus
1165 1438 1309 1510 tum
1357 1439 1793 1526 canerentur,
1861 1455 2030 1531 prae
2088 1457 2170 1512 se
2213 1433 2544 1510 tulissent.

307 1532 501 1627 Quod
549 1533 682 1606 nisi
727 1534 949 1628 fallor,
997 1534 1332 1633 specimen
1378 1536 1555 1610 illius
1603 1543 1905 1616 vetustae
1966 1544 2034 1609 et
2095 1535 2379 1612 rudioris
2428 1557 2548 1612 ar-

305 1634 755 1826 winus
795 1661 895 1815 (¹327
924 1638 1219 1714 cratim
1278 1637 1584 1720 Nestoris
1596 1689 1624 1734 ‚
1693 1663 1861 1739 quae
1911 1647 2015 1720 est
2062 1639 2135 1711 in
2200 1638 2549 1720 undecimo

582 1762 627 1816 a
674 1764 717 1813 v
905 1746 974 1814 1.

503 1840 833 1920 Poterunt
892 1843 1059 1916 haec
1121 1843 1403 1916 fortasse
1485 1801 1687 1918 ctiam
1743 1843 1839 1924 ad
1898 1843 2214 1924 maim-em
2275 1842 2549 1940 gradum

310 1944 441 2019 veri
490 1945 935 2024 similitudinis
987 1944 1175 2020 evehi
1224 1944 1541 2020 attentius
1589 1946 2067 2028 consideranda
2090 1944 2323 2024 Biade.
2376 1943 2550 2028 Eius

308 2049 531 2131 statim
572 2048 793 2147 ipsum
839 2071 1081 2124 nomen
1154 2071 1420 2119 monere
1495 2055 1720 2144 potest
1790 2056 1868 2129 ut
1945 2048 2357 2142 dubitemus,
2427 2073 2549 2132 so-

310 2151 521 2226 lamne
596 2153 782 2241 circa
852 2151 1021 2226 iram
1067 2145 1393 2242 Achillis,
1455 2150 1544 2223 ad
1610 2174 1806 2248 quam
1868 2174 2045 2228 nuuc
2110 2151 2321 2228 relata
2394 2160 2551 2230 sunt

311 2256 555 2348 omnia,
599 2262 920 2375 versetur,
973 2277 1061 2328 an
1109 2260 1337 2352 pateat
1383 2253 1580 2327 latius
1593 2304 1620 2346 ,
1674 2261 1918 2351 atque,
1981 2261 2058 2338 ut
2124 2254 2375 2332 indim
2421 2279 2553 2335 no·-

311 2383 495 2452 ιιιθι,
575 2358 840 2438 omnino
907 2357 1123 2434 varias
1186 2364 1413 2455 partes
1473 2356 1960 2454 complectatur
2011 2357 2172 2436 belli
2235 2356 2550 2438 Troiani.

313 2461 506 2554 Quod
573 2462 635 2540 si
700 2460 1152 2559 antiquissima
1201 2459 1541 2559 epicorum
1605 2460 1940 2553 carmina,
1992 2461 2172 2540 sicut
2199 2460 2552 2542 aestimari
2667 2528 2678 2539 .

311 2572 608 2665 parcet,
658 2564 882 2638 brevia
929 2564 1229 2656 fuerunt3
1313 2564 1374 2636 si
1424 2563 1711 2638 maxima
1772 2587 1930 2662 pars
1979 2572 2252 2640 nostrae.
2291 2563 2552 2657 Uindio,

313 2667 846 2767 quemadmodum
896 2617 1264 2744 ostendisse
1306 2666 1553 2760 videor,
1605 2691 1739 2744 non
1788 2674 1893 2748 est
1939 2666 2109 2742 bene
2151 2667 2553 2765 composita,

313 2772 370 2846 si
416 2772 717 2870 separari
765 2794 935 2868 quae
995 2794 1172 2844 nunc
1223 2769 1533 2843 confusae
1584 2777 1740 2846 sunt
1806 2769 2108 2846 diversae
2153 2769 2555 2848 diversarum
2667 2771 2674 2778 ’

313 2899 677 2996 pugnarum
728 2873 1202 2971 descriptiones
1251 2873 1452 2945 certis
1498 2871 1760 2945 indiciis
1809 2880 2119 2970 possunt3
2172 2873 2231 2944 si
2281 2881 2435 2945 suut
2480 2871 2554 2946 in

312 2979 417 3072 iis,
469 2999 641 3076 quae
655 3028 682 3070 ,
731 2984 808 3050 ut
858 2977 1098 3050 ducum
1162 2975 1549 3072 naviumque
1612 2999 1925 3050 recensus
1939 3026 1972 3068 2
2034 2975 2121 3050 ad
2182 2974 2554 3050 universum

314 3081 534 3181 potius
581 3081 824 3154 bellum
839 3130 864 3173 ,
934 3103 1128 3176 quam
1179 3077 1263 3150 ad
1327 3079 1494 3152 iram
1539 3073 1824 3152 Achillis
1889 3078 2218 3176 pertinere
2284 3078 2560 3158 videan-
2701 3108 2708 3113 ·

315 3194 454 3262 tur·
508 3184 743 3277 multo,
793 3190 869 3256 ut
920 3207 1043 3279 ego
1095 3180 1355 3280 quidem
1406 3180 1740 3274 existimo,
1788 3181 1953 3256 illud
2000 3180 2402 3279 probabilius
2433 3188 2561 3274 est,

314 3296 536 3387 partes
613 3286 929 3385 quasdam
1010 3286 1166 3359 belli
1231 3284 1513 3360 Troiani
1593 3286 1920 3383 separatis
2002 3285 2399 3360 carminibus
2478 3285 2565 3360 ab

316 3391 607 3466 Homero
659 3414 806 3464 esse
856 3390 1256 3466 celebratas·
1308 3389 1381 3460 in
1430 3387 1664 3485 quibus
1715 3413 1915 3487 quum
1963 3389 2122 3464 illae
2145 3413 2255 3462 res
2281 3388 2566 3464 maxime

318 3495 747 3613 eminerent,
781 3517 947 3590 qnae
997 3492 1082 3566 ad
1143 3491 1310 3566 iram
1371 3488 1654 3566 Achillis
1717 3500 1914 3589 atque
1978 3491 2064 3564 ad
2130 3492 2272 3564 eius
2332 3491 2552 3566 vindi-

318 3606 493 3676 ctam
542 3596 751 3672 occisi
798 3595 1099 3669 Patrocli
1146 3595 1583 3694 pertinebant,
1632 3594 1756 3668 has
1802 3618 1963 3693 prae
2012 3594 2159 3670 aliis
2205 3594 2549 3692 repetitae,

319 3726 468 3778 eum
516 3701 733 3797 iisque
781 3699 978 3776 etiam
1024 3699 1175 3771 illas
1226 3723 1373 3771 esse
1423 3699 1847 3791 coniunctas,
1915 3722 2081 3796 quae
2146 3705 2343 3774 autea
2387 3697 2645 3775 nihil23

320 3830 469 3880 cum
515 3804 650 3876 illis
701 3802 1097 3899 argumentis
1146 3825 1485 3875 commune
1535 3800 1919 3876 habuerant.
2034 3799 2384 3876 Eiusmodi
2430 3824 2557 3876 au-

322 3918 450 3983 tem
501 3906 610 3981 vel
657 3906 940 3982 maxime
992 3905 1268 3978 dixerim
1327 3904 1492 3978 illud
1541 3929 1808 3980 carmen
1858 3929 2043 3998 esse,
2107 3904 2285 4001 quod
2339 3905 2560 4006 Ἀγα-

325 4012 694 4111 μέμνονος
760 4008 1046 4110 αριςεία
1112 4014 1421 4083 vocatur·
1488 4008 1677 4086 ouius
1742 4031 1826 4082 ea
1887 4016 1990 4082 est
2038 4009 2249 4098 ratio,
2300 4013 2377 4077 ut
2423 4030 2557 4080 nou

326 4114 557 4213 proelii
604 4112 883 4186 alicuius
947 4119 1323 4188 accuratam
1374 4110 2100 4232 descriptionem,sed
2161 4108 2559 4207 splendidis-

328 4218 555 4292 simam
600 4217 925 4319 planeque
969 4216 1253 4296 divinam
1300 4215 1586 4290 universi
1649 4214 1805 4290 belli
1853 4213 2199 4342 imaginem
2249 4213 2336 4287 ob
2384 4236 2554 4292 oeu-

329 4321 424 4399 los
472 4240 925 4395 adducat.eque

354 4471 357 4476 -
529 4421 856 4523 Superest
903 4431 979 4502 ut
1028 4422 1186 4499 illuc
1235 4429 1553 4517 revertar,
1606 4420 1783 4519 quod
1831 4444 2031 4519 supra
2081 4418 2290 4498 obiter
2342 4419 2556 4516 attigi.
2685 4515 2693 4521 ³
