3275 5317
749 482 878 554 1³0
1526 486 1651 548 DE
1681 485 2187 550 AESCHYLI

3027 4 3103 64 Γ,

955 647 1141 724 item
1192 649 1291 721 άο
1338 646 1808 721 maesti‘u‘am
1828 701 1835 706 -
1855 653 2150 722 mitam
2198 646 2599 744 absuntam
2632 651 2976 749 qwddru·
3034 695 3039 703 ·

1964 753 2272 852 pedum.

954 889 1280 990 Superest
1324 888 1755 986 fragmentum
1806 891 1981 990 apud
2027 889 2318 965 Nonium
2380 918 2451 991 p.
2506 891 2682 986 500,
2745 901 2811 966 1.
2868 895 2987 968 sed

746 995 817 1068 id
867 994 1030 1068 adeo
1083 1000 1502 1090 corruptum,
1568 1001 1647 1065 ιιι
1694 994 1907 1066 inanis
1961 1019 2105 1067 esse
2171 996 2469 1068 videatur
2518 995 2864 1070 hariolatio
2915 999 2987 1069 111

743 1099 895 1172 loco
946 1098 1225 1171 fortasse
1276 1096 1528 1168 mutilo.
1631 1094 1757 1170 Sic
1810 1098 1979 1169 enim
2032 1095 2349 1195 scriptum
2402 1107 2539 1171 est.
2594 1122 2720 1170 eos
2770 1122 2986 1171 mor-

702 1214 706 1218 “
746 1197 930 1272 talis
976 1198 1253 1295 foem‘s
1319 1195 1512 1269 libro
1580 1197 1869 1271 decimo
1935 1222 2306 1272 mosea-eor
2371 1224 2600 1300 saepe
2651 1202 2987 1335 studebas

743 1302 935 1379 volo.
1037 1301 1121 1376 In
1170 1304 1318 1377 aliis
1366 1303 1552 1376 libris
1601 1303 1861 1377 brevius
1912 1302 2037 1376 lob.
2096 1301 2194 1377 Χ.

1460 1543 2270 1623 PHRYGES,

946 1719 1281 1819 Phrygum
1344 1719 1695 1850 appellatio
1760 1718 1915 1795 huic
1965 1719 2339 1817 tragoediae
2352 1772 2380 1815 ,
2449 1720 2657 1796 cuius
2701 1721 2985 1797 alterum

740 1850 979 1898 nomen
1027 1825 1153 1898 fuit
1182 1825 1532 1923 Ἕκτορος
1599 1820 1878 1954 λύτρα,
1931 1848 1974 1896 a
2023 1824 2224 1897 choro
2276 1824 2476 1897 facta.
2594 1821 2983 1900 Athenaeus

740 1926 802 2000 l.
854 1954 928 2027 p.
983 1933 1109 2002 21.
1160 1926 1252 2000 Ε.
1299 1923 1842 2029 Ἀριστοφάνης
1892 1935 2150 2057 γοῦν,
2193 1926 2401 2027 παρὰ
2466 1925 2552 2002 δὲ
2617 1935 2775 2014 τοῖς
2827 1959 2983 2005 κω-

739 2038 986 2129 μικοῖς
1034 2031 1082 2128 ἡ
1134 2030 1305 2161 περὶ
1350 2040 1511 2108 τῶν
1527 2039 1947 2161 τραγικῶν
2000 2026 2386 2107 ἀπόκειται
2434 2029 2716 2121 πίστις,
2783 2037 2988 2110 ποιεῖ

742 2134 983 2212 αὐτὸν
1031 2132 1418 2231 Αῗσχύλον
1470 2134 1811 2238 λέγοντα,

1148 2279 1345 2348 τοῖσι
1386 2279 1647 2371 χοροῖς
1696 2268 1928 2356 αὐτὸς
1975 2270 2074 2347 τοὶ
2127 2268 2444 2371 σχήιιατ’
2501 2269 2843 2350 ἐποίουν

738 2375 867 2452 καὶ
914 2371 1169 2464 παλιν,

647 2485 744 2554 19
1455 2475 1634 2561 τοὺς
1687 2473 2008 2608 Φρύγας
2056 2476 2229 2553 οἶδα
2281 2482 2627 2577 θεωρῶν,

946 2580 1068 2657 ὅτε
1118 2587 1229 2680 τῷ
1281 2575 1618 2679 Πριάμῳ
1685 2577 2223 2678 συλλυσόμενοι
2272 2580 2411 2657 τὸν
2460 2580 2677 2657 παῖδ’
2729 2575 2982 2679 ἦλθον

1963 2688 2391 2778 τεθνεῶτα,

945 2785 1184 2862 πολλὰ
1235 2784 1531 2862 τοιαυτὶ
1598 2785 1730 2863 καὶ
1778 2816 2073 2863 τοιαυτι
2134 2787 2264 2863 καὶ
2326 2786 2553 2888 δεῦρο
2608 2788 2977 2887 σχηματί-

1971 2916 2274 2975 cartag.

740 3030 929 3123 Quae
979 3036 1164 3128 patet
1212 3028 1311 3101 sic
1362 3029 1444 3101 ab
1494 3029 1810 3103 histrione
1873 3037 2025 3103 acta
2096 3054 2279 3124 esse,
2346 3039 2423 3103 ιιι
2482 3029 2682 3101 rideri
2746 3038 2977 3128 gestus

738 3139 1109 3231 appareret,
1164 3132 1395 3229 quibus
1447 3133 1761 3206 saltantes
1812 3133 2079 3206 fecisset
2125 3129 2492 3229 Aeschylus
2542 3131 2859 3230 Phryges.
2912 3133 2978 3206 Ii

739 3243 895 3307 sunt
944 3242 1162 3307 autem
1212 3234 1530 3307 Troiani:
1580 3261 1647 3308 y.
1703 3232 1935 3308 Schol.
1988 3234 2163 3308 Ven.
2218 3234 2301 3307 ad
2363 3234 2556 3307 Iliad.
2623 3233 2721 3307 Π.
2791 3239 2974 3310 862.

738 3345 807 3410 et
854 3335 1162 3409 Eustath.
1215 3362 1285 3435 p.
1342 3341 1521 3430 364,
1587 3342 1715 3409 42.
1768 3337 1881 3435 qui
1933 3363 2131 3435 quum
2192 3338 2519 3411 Homerus
2582 3337 2879 3435 Phryges
2932 3365 2976 3412 a

737 3440 1054 3513 Troianis
1106 3440 1536 3534 distinxisset,
1587 3437 1989 3535 Aeschylum
2055 3450 2122 3514 et
2180 3442 2581 3514 recentiores
2634 3465 2749 3514 eos
2803 3467 2974 3515 con-

732 3544 980 3617 fudisse
1033 3543 1477 3616 ohservarunt.
1597 3540 1889 3640 Scripsit
1950 3543 2283 3641 Phrygmn
2347 3545 2606 3617 nomine
2669 3552 2972 3618 vocatam

729 3647 1131 3743 tragoediam
1183 3648 1380 3720 etiam
1431 3644 1798 3744 Sophocles
1814 3698 1840 3740 ,
1906 3647 1966 3718 si
2026 3646 2189 3721 fides
2257 3657 2360 3720 est
2409 3644 2702 3720 Stobaeo
2764 3646 2968 3738 VIR.

734 3748 810 3822 5.
879 3757 1183 3846 quattuor
1253 3774 1341 3822 ex
1405 3773 1487 3822 ea
1547 3750 1878 3822 trimetros
1894 3801 1920 3843 ,
2001 3752 2112 3847 qui
2172 3749 2423 3822 Priami
2488 3750 2573 3823 ad
2635 3747 2969 3824 Achillem

731 3853 933 3926 verba
982 3853 1316 3926 continere
1365 3851 1689 3944 videntur,
1743 3852 2060 3926 afferenti.
2176 3852 2249 3925 Is
2317 3877 2512 3949 quum
2578 3853 2757 3926 solus
2826 3851 2969 3927 So-

727 3956 986 4055 phoclis
1034 3955 1368 4076 Phrygum
1416 3956 1809 4028 mentionem
1849 3956 2086 4030 fecisse
2117 3957 2445 4048 credatur,
2500 3956 2780 4028 dubitari
2807 3965 2967 4056 pot-

732 4068 859 4153 est,
911 4083 998 4131 an
1050 4084 1235 4132 error
1284 4060 1373 4132 sit
1435 4060 1507 4132 in
1554 4059 1817 4131 nomine
1886 4060 2249 4158 scriptoris.
2370 4056 2513 4132 Sed
2574 4084 2803 4132 versus
2867 4060 2967 4131 illi

728 4162 825 4234 ita
875 4171 1028 4236 sunt
1077 4162 1462 4260 comparati,
1512 4170 1613 4254 ut,
1668 4164 1793 4235 etsi
1842 4163 2175 4261 potuerint
2223 4162 2424 4234 scribi
2473 4163 2555 4234 ab
2605 4159 2963 4258 Aeschylo,

730 4271 948 4338 tamen
996 4266 1161 4337 nihil
1207 4266 1488 4339 habeant
1534 4265 1711 4337 illius
1762 4265 2098 4360 gravitatis
2149 4272 2217 4337 et
2255 4265 2587 4363 ponderiS,
2641 4290 2772 4364 quo
2801 4266 2966 4339 alias

728 4367 926 4440 facile
967 4365 1347 4466 Aeschylea
1398 4357 1890 4466 dignoscuntur.
2007 4364 2294 4442 Accedit
2356 4369 2529 4466 quod
2595 4381 2762 4466 quae
2810 4365 2964 4440 En-

731 4469 878 4542 nius
929 4469 1196 4569 scripsit
1243 4471 1553 4547 Hectoris
1602 4472 1801 4566 lutra,
1856 4496 2056 4569 quum
2119 4478 2344 4570 aperte
2407 4496 2540 4545 non
2588 4472 2831 4547 fuerint
2878 4471 2965 4544 ad
