3275 5317
684 443 771 512 50
1547 440 2044 507 EPISTOLA
2107 445 2112 451 “

876 598 1046 680 Sed
1098 612 1170 678 ut
1218 626 1420 704 supra
1470 602 1625 681 nivo}
1673 605 1907 702 negavi
1957 603 2170 703 apud
2215 604 2614 704 significare,
2666 607 2762 682 ita
2810 612 2938 681 nel-¹

697 736 784 809 go
836 710 1060 802 etiam,
1113 709 1288 807 quod
1337 705 1459 781 tibi
1508 733 1579 807 p.
1634 712 1761 784 30.
1812 709 2058 808 placet,
2112 735 2195 784 eo
2246 735 2446 785 sensu
2493 710 2742 785 dictum
2792 735 2944 785 esse

706 811 953 911 Odyss.
1003 810 1141 906 XI,
1196 812 1294 886 57
1307 816 1372 884 l.

561 948 707 1022 144
913 949 1171 1048 ήμενοι
1223 945 1566 1032 ἑσταότες
1618 976 1699 1022 τε
1751 948 1911 1023 κατ’
1953 948 2362 1050 εὖρυπυλες
2395 949 2649 1036 Ἄϊδος
2698 948 2842 1039 δῶ,

704 1088 879 1187 quod
941 1096 1045 1161 est
1110 1085 1195 1159 in
1261 1086 1483 1159 domo
1560 1081 1777 1160 Orci.
1919 1084 2076 1163 Non
2138 1088 2414 1163 debebat
2494 1087 2597 1161 his
2680 1087 2954 1185 adiungi

704 1191 949 1290 odyss.
1001 1190 1208 1285 XVI,
1270 1191 1447 1264 159.

714 1407 724 1413 ,
914 1337 1052 1424 στῆ
1104 1326 1189 1404 δὲ
1242 1329 1402 1404 κατ’
1459 1324 1889 1426 ἀντίθυρον
1925 1326 2211 1423 κλισίης
2254 1325 2573 1426 Ὃὸυσῆί
2600 1332 2953 1465 φανεῖσα,

707 1492 919 1566 neque
969 1464 1162 1538 Iliad.
1215 1465 1391 1558 XII,
1447 1467 1622 1538 340.

814 1613 817 1616 ’
905 1603 1045 1681 καὶ
1095 1604 1427 1679 πυλέων·
1498 1597 1747 1684 πάσας
1792 1601 1942 1705 γὰρ
2012 1598 2388 1701 ἐπῴχατο
2454 1602 2575 1679 τοὶ
2638 1599 2724 1680 δὲ
2789 1632 2933 1679 κατ
2981 1589 2988 1596 ’

1949 1706 2186 1789 αὐτὰς

921 1807 1309 1909 ἱστάμενοι
1360 1815 1729 1908 πειρῶντο
1780 1807 1917 1905 βίῃ
1969 1805 2318 1907 ῥήξαντες
2368 1812 2730 1893 ἐςελθεῖν
2805 1871 2806 1878 ,

713 1952 784 2023 in
837 1948 1067 2068 quibus
1117 1946 1308 2022 κατὰ
1361 1945 1580 2043 potius
1633 1953 1737 2018 est
1786 1969 1827 2017 e
1877 1969 2220 2042 regenne,
2273 1957 2552 2018 contra
2563 2000 2590 2041 ,
2655 1955 2732 2021 ut
2782 1946 2962 2046 quod

715 2055 831 2126 illa
879 2052 1120 2150 pagina
1168 2051 1300 2121 ima
1350 2051 1873 2122 commemorasti
1916 2052 2075 2127 κατ’
2132 2053 2306 2126 ὄσσε
2339 2046 2555 2127 ἰδών.
2610 2050 2963 2125 Theocriti

720 2155 894 2255 quod
946 2155 1138 2227 affers
1193 2178 1278 2226 ex
1326 2150 1389 2245 I,
1446 2155 1570 2225 30.
1639 2153 2045 2250 pertineatne
2108 2155 2238 2227 huc
2304 2178 2390 2225 an
2455 2154 2647 2226 aliter
2712 2154 2800 2226 sit
2849 2155 2961 2226 ιιι-

721 2258 1166 2355 telligendum,
1218 2257 1291 2326 iu
1341 2254 1642 2373 ambiguo
1693 2256 2079 2354 relinquam.
2205 2255 2404 2330 Certe
2469 2264 2687 2329 autem
2737 2257 2961 2330 diver·-

722 2388 866 2435 sum
919 2370 1021 2433 est
1074 2358 1247 2457 quod
1295 2357 1676 2456 prompsisti
1725 2384 1812 2431 ex
1864 2360 2153 2433 eiusdem
2201 2359 2301 2453 II,
2364 2364 2535 2433 166.

929 2498 1227 2596 αστέρες
1279 2491 1612 2590 εὐκήλοιο
1663 2497 1822 2571 κατ’
1876 2497 2173 2602 α’ντυγα
2223 2496 2518 2583 νυκτὸς
2545 2492 2858 2587 ὀπαδοί,

724 2636 897 2737 quod
947 2644 1048 2708 est
1091 2658 1238 2733 per
1290 2630 1547 2705 orbem
1595 2623 1844 2705 noctis
1894 2633 2283 2735 dispersae
2315 2634 2603 2708 stellae.
2703 2632 2965 2707 Potue-

647 2790 655 2800 -
725 2750 829 2813 rat
882 2764 1034 2813 vero
1088 2737 1583 2812 commemorari
1634 2736 2014 2836 δεξιτερὴν
2044 2740 2239 2817 κατὰ
2261 2746 2504 2837 χεῖρα,
2556 2737 2744 2812 cuius
2769 2762 2964 2811 men-

724 2845 970 2917 tionem
1019 2842 1151 2914 alio
1200 2840 1378 2934 loco,
1428 2866 1498 2938 p.
1555 2844 1680 2914 32.
1734 2841 1975 2917 fecisti.
2094 2844 2401 2944 Denique
2466 2841 2638 2941 quod
2688 2840 2965 2938 tetigisti

730 2973 802 3045 p.
859 2950 982 3020 34.
1038 2972 1125 3018 ex
1173 2944 1367 3017 Iliad.
1418 2942 1622 3037 XIV,
1685 2947 1853 3020 180.

926 3064 1280 3163 χρυσείῃς
1326 3064 1411 3140 <5³
1466 3067 1754 3163 ἐνετῇσι
1804 3066 1998 3142 κατα
2052 3070 2335 3163 στῆθος
2384 3073 2781 3184 περσνᾶτο,

725 3212 806 3259 eo
857 3184 1186 3258 indicatur
1247 3183 1333 3255 in
1368 3194 1729 3281 pectore,
1801 3186 1849 3258 i.
1904 3210 1967 3259 e.
2034 3188 2104 3261 iu
2153 3187 2373 3285 aliqua
2437 3178 2626 3284 parte
2674 3183 2965 3283 pectoris

722 3289 989 3388 peplum
1036 3285 1252 3361 fibulis
1303 3311 1449 3359 esse
1501 3289 1951 3361 constrictum.

930 3387 1077 3464 Sed
1126 3389 1311 3463 satis.
1363 3386 1573 3463 Vides
1626 3415 1793 3487 quae
1843 3392 2003 3463 mihi
2053 3391 2576 3465 dissertationem
2625 3387 2803 3463 tuam
2856 3388 2964 3462 le-

729 3493 910 3591 genti
961 3494 1273 3566 subnatae
1325 3493 1457 3565 sint
1505 3493 1961 3567 dubitationeS.
2065 3493 2148 3567 In
2199 3495 2430 3592 quibus
2481 3493 2541 3565 si
2611 3492 2764 3590 quid
2828 3493 2968 3565 veri

728 3599 947 3671 inesse
995 3596 1115 3669 tibi
1162 3596 1483 3670 videbitur
1496 3648 1521 3690 ,
1589 3620 1723 3670 uon
1787 3598 2144 3696 poenitebit
2205 3622 2310 3670 me
2361 3598 2526 3670 haec
2591 3595 2966 3694 scripsisse.

730 3697 887 3773 Non
933 3700 1171 3771 mirum
1221 3707 1324 3772 est
1374 3708 1616 3794 autem,
1686 3701 1850 3775 alios
1898 3703 1971 3774 in
2031 3702 2159 3774 hoc
2228 3724 2465 3797 genere
2533 3700 2752 3772 aliam
2791 3698 2967 3771 viam

729 3803 923 3876 inire.
1024 3800 1200 3874 Nam
1248 3801 1362 3874 vix
1410 3803 1760 3901 quidquam
1825 3814 1960 3879 tam
2023 3805 2346 3902 lubricum
2412 3810 2514 3876 est
2573 3802 2644 3874 ιιι
2705 3800 2966 3907 syntaxi

730 3907 1123 4004 linguarum,
1177 3928 1371 4003 quam
1419 3906 1490 3977 hi
1536 3907 1696 4001 loci,
1751 3910 1863 4005 qui
1913 3916 2065 3981 sunt
2130 3907 2212 3979 de
2253 3899 2845 4005 praepositionibus
2895 3912 2966 3977 et

733 4008 816 4083 de
867 4008 1459 4092 coniunctionibuS.
1560 4007 1672 4081 De
1724 4013 1955 4108 quibus
2008 4010 2336 4108 disputari·
2373 4017 2556 4082 recte
2621 4032 2754 4081 non
2802 4015 2964 4105 pot-

732 4121 859 4204 est,
911 4114 1040 4185 nisi
1090 4120 1158 4185 et
1206 4111 1455 4208 ingenti
1504 4112 1701 4210 copia
1750 4115 2196 4211 exemplorum
2243 4119 2561 4207 congesta
2625 4120 2693 4183 et
2741 4110 2967 4183 subtili

726 4214 1024 4288 instituta
1070 4215 1613 4313 pervestigatione
1664 4218 2152 4319 similitudinum
2201 4238 2282 4288 ac
2332 4214 2802 4288 diversitatum.
2866 4211 2966 4289 Et

732 4317 925 4389 huius
976 4318 1235 4414 quidem
1280 4307 1848 4438 pervestigationis
1912 4327 2052 4394 tum
2114 4318 2338 4412 labor,
2404 4326 2544 4391 tum
2613 4315 2968 4390 difficultas

736 4443 814 4492 eo
865 4420 1078 4495 solent
1125 4422 1334 4519 magis
1385 4445 1711 4522 crescere,
1766 4449 1894 4523 quo
1945 4421 2153 4499 maior
2199 4421 2317 4496 illa
2365 4420 2810 4518 exemplorum
2861 4428 2967 4492 est
