3275 5317
737 405 869 476 292
1523 406 1644 467 DE
1683 405 2214 469 EVPOLIDIS

944 566 1029 641 In
1091 574 1285 641 sexto
1350 574 1420 641 et
1481 566 1795 641 vicesimo
1859 566 2224 663 fragmento
2287 591 2360 665 p.
2426 569 2555 640 69.
2624 563 2969 664 repudiare

739 674 995 750 videtur
1042 671 1360 770 Raspius,
1413 670 1588 772 quod
1635 695 1710 768 p.
1764 673 1889 743 36.
1941 670 2356 790 probaverat,
2421 669 2555 747 και
2598 665 2973 772 novecerti-

742 787 992 877 λωμεν
1040 771 1505 861 ἐπελθόντες,
1549 798 1757 872 quum
1802 773 1883 847 id.
1922 774 2023 847 sic
2071 774 2393 871 explicat.
2462 797 2648 873 quos
2710 771 2978 846 dema-

734 903 992 977 gogos
985 877 1410 952 honortbus
1428 875 1955 950 decoravimus
1969 875 2365 967 redwwos,
2399 876 2721 972 coedent,
2746 901 2980 975 quum

741 985 906 1060 cam
930 1007 1019 1056 m
1069 1006 1157 1054 eo
1210 981 1389 1075 sint,
1440 991 1536 1054 ut
1561 978 1867 1074 abeant,
1921 979 2328 1054 adoremus
2354 990 2757 1079 tamquam
2776 979 2982 1054 deos.

742 1087 920 1164 Nam
949 1087 1116 1161 haec
1146 1086 1500 1184 explicatio
1548 1085 1835 1184 pertinet
1883 1084 1969 1158 ad
2017 1085 2451 1206 scripturam,
2504 1110 2698 1184 qnam
2719 1084 2982 1176 reiecit,

744 1193 873 1266 etsi
922 1190 1262 1264 verissima
1310 1197 1437 1281 est,
1491 1185 2007 1274 ἅπελθόνταςε
2060 1189 2170 1262 cui
2217 1196 2437 1262 tamen
2477 1187 2833 1288 participio
2884 1186 2985 1260 si,-

743 1292 1226 1390 gnificationem
1273 1292 1527 1386 tribuit,
1580 1316 1748 1390 quae
1795 1292 1868 1366 in
1917 1316 1999 1366 eo
2047 1291 2265 1365 inesse
2306 1317 2439 1366 non
2461 1299 2716 1390 potest.
2769 1289 2985 1388 signi-

744 1396 905 1472 ficat
955 1398 1130 1471 enim
1178 1418 1546 1490 reversos,
1597 1397 1650 1468 i.
1703 1420 1766 1470 e.
1815 1403 2163 1494 postquam
2212 1394 2297 1466 ad
2345 1396 2593 1469 inferos
2640 1393 2985 1468 redierint.
3086 1435 3091 1441 ·

947 1497 1350 1575 Accedimus
1399 1500 1486 1574 ad
1535 1499 1852 1592 ordinem,
1906 1522 2035 1596 quo
2085 1498 2401 1618 disposita
2448 1507 2601 1572 sunt
2647 1499 2985 1594 fragmen-

742 1613 838 1680 ta.
940 1602 1093 1677 Hac
1141 1604 1212 1676 in
1259 1627 1336 1677 re
1385 1610 1685 1722 apparet,
1737 1601 2060 1700 Raspium
2108 1602 2302 1676 nimis
2353 1601 2440 1676 ad
2489 1601 2746 1698 singula
2774 1624 2985 1721 quae·-

745 1732 872 1806 que
920 1706 1267 1799 intentum,
1317 1707 1526 1802 magis
1578 1705 1710 1776 alia
1759 1705 1906 1778 aliis
1956 1704 2346 1778 adnexuisse
2358 1755 2387 1798 ,
2456 1728 2652 1802 quam
2713 1704 2985 1778 univer-

744 1834 887 1884 sam
934 1834 1076 1882 rem
1126 1816 1279 1882 ante
1330 1809 1558 1882 oculos
1608 1808 1939 1881 babuisse.
2057 1805 2277 1881 Simul
2341 1807 2597 1880 videtur
2656 1806 2984 1879 interdum

741 1914 957 2012 prima
1005 1913 1227 2011 specie
1279 1919 1513 2011 captus
1565 1911 1962 1987 coniecturis
2015 1935 2088 1983 se
2141 1910 2423 2004 dedisse,
2476 1934 2644 2007 quae
2696 1932 2984 1982 accura-

696 2043 700 2046 ’
742 2017 875 2089 ιίιι8
929 2016 1380 2090 consideratae
1430 2013 1618 2088 firmo
1671 2013 2090 2087 fundamento
2122 2022 2375 2087 carent.
2476 2012 2672 2086 Vnde
2721 2031 2985 2084 rursum

745 2120 877 2192 alia
938 2119 1190 2192 idoneis
1264 2119 1518 2192 caussis
1581 2118 1892 2191 destituta
1954 2141 2277 2189 mansere.
2390 2114 2851 2189 Proficiscitur
2914 2137 2983 2213 p.

748 2225 874 2295 39.
927 2223 1008 2294 ab
1059 2223 1162 2295 bis
1209 2220 1553 2294 Plutarchi
1598 2222 1673 2292 in
1725 2221 1862 2294 vita
1910 2218 2193 2293 Periclis
2246 2244 2311 2292 c.
2367 2223 2441 2294 3.
2494 2219 2535 2294 ὃ
2589 2218 2675 2295 <5³
2729 2220 2987 2295 Εὔπο-

747 2335 857 2409 λις
925 2353 1008 2402 εν
1055 2331 1214 2409 τοῖς
1265 2321 1549 2421 Δήμοις
1598 2319 2184 2422 πυνθανόμενος
2233 2322 2436 2451 περὶ
2455 2320 2776 2399 ἑκάστου
2828 2331 2987 2399 τῶν
3074 2380 3080 2388 -

745 2426 1341 2525 ἀναβεβηκότων
1368 2430 1444 2512 ἐξ
1471 2425 1759 2501 ‘'Atclov
1810 2425 2321 2530 δημαγωγῶν,
2376 2455 2481 2511 ως
2532 2425 2575 2501 ὅ
2613 2431 2986 2529 Περικλῆς

689 2579 692 2580 ⁷
746 2528 1149 2631 ὥνόμαστο
1196 2535 1652 2613 τελευταῖος·

952 2684 999 2760 ὅ
1045 2711 1124 2761 τι
1170 2712 1309 2785 περ
1358 2679 1772 2785 κεφάλαιον
1818 2690 1978 2760 τῶν
2026 2678 2381 2760 κάτωθεν
2427 2684 2721 2789 ἤγαγες.

707 2859 722 2868 *
744 2839 923 2913 Hinc
976 2839 1265 2937 colligit,
1320 2846 1625 2938 quattuor
1675 2837 2066 2935 demagogos
2086 2889 2113 2931 ,
2166 2834 2523 2932 Solonem,
2587 2837 2984 2931 Miltiadem,

744 2942 1132 3036 Aristidem,
1183 2941 1535 3035 Periclem,
1589 2966 1723 3014 non
1773 2942 2004 3035 simul,
2058 2941 2174 3014 sed
2225 2941 2532 3039 deinceps
2585 2942 2786 3013 alium
2836 2952 2989 3041 post

747 3047 947 3120 alium
996 3047 1067 3117 in
1117 3070 1383 3119 scenam
1434 3046 1782 3144 prodiisse.
1883 3041 1966 3115 Id
2018 3044 2325 3117 credibile
2375 3045 2635 3141 quidem
2687 3052 2817 3138 est,
2872 3043 2989 3117 sed

746 3175 881 3222 non
930 3149 1223 3245 sequitur
1274 3174 1358 3222 ex
1409 3150 1621 3223 verbis
1673 3147 2038 3240 Plutarchi,
2093 3172 2180 3221 ex
2244 3148 2475 3244 quibus
2515 3147 2759 3246 ‘potius
2828 3148 2987 3221 satis

749 3258 1049 3349 apertum
1099 3259 1224 3343 est,
1291 3275 1515 3325 omnes
1580 3253 1715 3324 iam
1782 3276 1868 3324 ex
1931 3251 2158 3324 inferis
2226 3252 2605 3345 advenisse,
2679 3258 2748 3325 et
2810 3275 2986 3323 nunc

752 3355 1089 3452 quaerenti
1137 3355 1250 3450 qui
1299 3355 1431 3427 sint
1480 3354 1706 3428 ordine
1755 3354 2115 3447 nominari,
2167 3355 2266 3428 sic
2316 3363 2390 3428 ut
2437 3363 2810 3452 postremus
2861 3371 2989 3427 no-

751 3458 1033 3530 minetur
1080 3455 1402 3530 PericleS.
1504 3456 1739 3556 Itaque
1787 3482 1945 3550 non,
1997 3465 2074 3531 ut
2118 3457 2407 3556 Raspius
2456 3458 2822 3554 fragmenta
2873 3482 2989 3530 or-

753 3560 1022 3651 dinavit,
1073 3559 1204 3631 iam
1252 3561 1586 3658 prodierat
1633 3561 2068 3659 loquutusque
2137 3568 2279 3656 erat
2339 3560 2675 3633 Miltiades
2692 3611 2719 3653 ,
2787 3584 2987 3659 quum

750 3662 879 3734 iste
946 3686 1175 3734 versus
1241 3663 1452 3736 dictus
1517 3672 1660 3736 est:
1737 3664 1935 3736 immo
1997 3665 2282 3737 nondum
2346 3663 2515 3734 ullus
2583 3671 2990 3737 mortuorum

755 3765 1107 3864 quidquam
1158 3764 1447 3841 dixerat:
1498 3767 1786 3860 omnino,
1840 3789 2037 3866 quum
2085 3768 2184 3839 illi
2225 3792 2357 3841 non
2385 3790 2507 3838 sua
2528 3774 2789 3865 sponte,
2844 3767 2987 3861 sed,

753 3877 832 3941 ut
879 3870 1149 3971 ἤγαγες
1199 3871 1505 3963 ostendit,
1558 3870 1827 3944 adducti
1891 3871 1973 3943 ab
2039 3871 2257 3971 aliquo
2318 3870 2649 3962 venerint,
2701 3868 2989 3944 fortasse

755 3996 799 4043 a
863 3971 1133 4045 ductore
1197 3981 1597 4046 mortuorum
1666 3974 2003 4048 Mercurio
2017 4026 2044 4068 ,
2113 3973 2406 4048 evocatio
2479 3973 2861 4046 umbrarum
2920 3974 2992 4046 in

711 4122 719 4129 -
754 4075 968 4172 prima
1017 4082 1206 4173 parte
1255 4076 1510 4149 fabulae
1557 4076 1779 4150 locum
1828 4077 2066 4150 habere
2118 4077 2362 4150 debuit.
2476 4073 2548 4150 N
2545 4100 2676 4150 unc
2727 4074 2993 4150 sacrifi-

758 4176 849 4249 cii
906 4179 980 4250 in
1041 4178 1158 4249 illa
1219 4178 1469 4251 fabula·
1502 4180 1897 4253 mentionem
1958 4180 2202 4253 factam
2280 4178 2598 4253 videmus.
2727 4177 2842 4252 De
2909 4204 2989 4253 eo

757 4277 1045 4378 Raspius
1094 4305 1167 4378 p.
1220 4283 1346 4356 67.
1396 4307 1531 4357 non
1577 4283 1874 4358 indicans
1926 4307 2048 4358 cur
2095 4307 2288 4358 sacra
2346 4283 2526 4359 facta
2589 4283 2764 4376 sint,
2829 4282 2991 4361 nibil

761 4383 1037 4480 amplius
1088 4384 1250 4460 dicit
1300 4410 1529 4485 quam:
1581 4397 1678 4459 ut
1720 4386 1971 4480 magas
1998 4396 2654 4466 commoverentur
2693 4395 2989 4485 specta·
