3275 5317
40 4204 81 4267 ἓ..
100 4246 114 4255 .

785 458 1267 520 EmTloNE
1309 458 2020 530 LYcoPHRole.
2395 460 2532 527 235

297 645 471 714 mus,
526 618 709 693 valde
756 620 1111 718 probabilis
1161 627 1288 713 est,
1338 620 1725 719 sinpliciter
1772 630 1850 696 ut
1913 620 2151 701 ffioea
2211 624 2527 723 repudia-

268 734 431 816 ·tn1·,
483 721 610 797 etsi
659 747 806 795 eam
868 724 940 795 in
1010 748 1143 797 uno
1206 747 1434 797 eorum
1496 724 1840 818 locorum,
1922 725 1993 798 in
2056 725 2287 823 quibus
2354 727 2529 825 apud

294 825 800 924 Lycophronem
867 833 1124 918 exstat,
1192 851 1416 902 omnes
1481 826 1745 901 codices
1814 835 2104 906 tuenmr.
2213 826 2534 902 Addimus

294 929 399 1003 bis
451 935 850 1005 Γονοῢσαν
898 954 963 1002 v.
1020 879 1196 1003 87³0.
1265 954 1389 1026 pro
1452 935 1942 1025 Γονοῦσσοεν,
1996 929 2536 1029 Σαλμυδησός,

296 1032 380 1107 de
430 1057 560 1131 quo
602 1032 687 1104 ad
715 1058 782 1107 v.
821 1034 1041 1105 1286.
1095 1033 1502 1131 expositum,
1554 1058 1697 1130 pro,
1729 1032 2312 1132 Σαλμυδησσός,
2366 1035 2540 1133 quod

293 1160 534 1208 nomen
550 1187 576 1228 ,
629 1135 826 1209 sicuti
875 1142 1141 1209 caetera
1184 1135 1489 1210 similiter
1532 1137 1838 1230 formata,
1891 1138 2152 1210 disertis
2201 1161 2540 1235 gramma·-

293 1238 579 1312 ticorum
629 1237 1017 1311 testimoniis
1068 1262 1189 1334 per
1240 1237 1368 1311 duo
1420 1263 1473 1313 o*
1520 1247 1589 1311 et
1634 1241 2190 1336 pronune‘nbatur
2242 1249 2309 1313 et
2358 1240 2535 1314 scri-

292 1341 597 1415 bebatur.
699 1338 781 1412 In
830 1340 933 1411 his
986 1349 1054 1413 et
1104 1341 1420 1415 similibus
1472 1343 2014 1437 geminationibus
2080 1368 2215 1414 non
2279 1344 2535 1417 consti-

294 1443 380 1516 tit
453 1443 578 1515 sibi
642 1442 1145 1516 Bachmannus·
1229 1466 1615 1541 quamquam
1680 1444 1755 1516 id
1830 1446 2102 1543 aequius
2171 1446 2534 1538 ferendum,

294 1547 605 1644 quoniam
652 1546 817 1617 haec
865 1569 974 1616 res
1028 1541 1239 1619 adhuc
1289 1545 1552 1643 longam
1618 1556 1963 1646 exspectat
2031 1557 2535 1646 accuratamque

297 1648 824 1746 explicationem.
930 1644 1072 1721 Sed
1121 1644 1482 1745 νώνυμον
1548 1676 1608 1723 v.
1688 1656 1724 1722 l
1743 1654 1909 1724 126.
1965 1651 2049 1723 ad
2116 1651 2291 1749 quod
2356 1650 2537 1727 nuh

297 1751 613 1825 adnotata
660 1757 761 1823 est
810 1749 1175 1847 scripturae
1224 1751 1595 1844 dim-sitas,
1646 1754 1844 1825 etiam
1881 1762 2113 1827 contra
2131 1755 2336 1827 libros
2387 1779 2535 1827 me-

295 1863 419 1929 tro
454 1854 718 1927 iube-te
765 1852 839 1925 ιιι
886 1849 1299 1951 νώνυμνον
1336 1862 1483 1927 erat
1530 1856 1932 1931 mutand-n.
2030 1855 2110 1928 Ιι
2169 1856 2538 1933 huin-nodi

296 1959 498 2031 rebus
531 1955 830 2029 codicum
860 1956 1040 2028 ulla
1065 1957 1441 2030 auctoritas
1469 1966 1573 2030 est
1589 2009 1617 2050 ,
1671 1968 1816 2052 et,
1841 1960 2134 2056 quamvis
2170 1958 2540 2032 laudandus

301 2062 389 2135 sit
437 2059 897 2133 flach-amus
917 2111 945 2152 ,
996 2060 1170 2157 quod
1218 2060 1612 2157 scripturam
1660 2076 1795 2135 non
1845 2087 1932 2135 ex
1956 2063 2336 2136 coniectura
2384 2087 2537 2134 mu-

299 2172 445 2238 tare
492 2163 914 2260 prepositum
947 2162 1195 2255 habuit,
1263 2171 1478 2237 tamen
1492 2216 1519 2255 ,
1583 2165 1698 2236 nh'
1762 2174 1899 2238 tam
1962 2165 2294 2238 evidenter
2352 2173 2540 2262 patet

301 2267 470 2369 quid
504 2289 729 2338 verum
779 2266 891 2359 sit,
945 2266 1308 2339 emendatio
1359 2267 1501 2341 vitii
1548 2269 1694 2341 sola
1737 2268 2152 2342 librariorum
2191 2268 2540 2367 negligen-

300 2372 396 2445 tia
444 2365 584 2442 nati
632 2392 764 2442 non
812 2376 959 2442 erat
1008 2370 1495 2468 reprehensioni
1542 2372 1851 2445 obnoxia.

505 2518 635 2597 His
698 2523 1075 2621 praemissis
1157 2523 1238 2596 de
1321 2523 1721 2621 singulorum
1783 2524 2078 2599 locorum
2143 2525 2537 2599 tractatione

282 2604 619 2705 dicemus.
722 2623 819 2703 Et
883 2626 1241 2723 gaudemus
1304 2639 1502 2721 san'e,
1572 2627 1745 2748 quod
1797 2629 2008 2701 editor
2074 2629 2316 2703 eximia
2382 2629 2537 2700 dili-

305 2731 525 2828 genfia
575 2729 936 2831 scripturas
1001 2736 1136 2801 tum
1191 2754 1310 2827 pro
1378 2731 1780 2828 praestantia
1844 2731 2141 2804 codicum
2211 2739 2348 2803 tum
2414 2757 2536 2828 pro

305 2832 669 2922 sententiae
720 2832 970 2905 ratione
1021 2832 1426 2930 ponderavit,
1487 2857 1781 2931 quaeque
1819 2834 1922 2904 vel
1948 2834 2218 2906 meliora
2244 2834 2348 2905 vel
2378 2858 2532 2906 cer-

306 2938 476 3010 tiora
528 2943 746 3009 essent
794 2936 885 3007 in·
917 2935 1209 3008 ordinem
1258 2936 1543 3032 recepit:
1609 2937 1727 3008 sed
1776 2937 1848 3007 in
1898 2937 2258 3034 scriptore,
2328 2935 2536 3033 qualis

306 3038 708 3138 Lycophron
759 3046 900 3131 est,
968 3039 1080 3136 qui
1143 3063 1275 3112 non
1339 3045 1717 3111 constanter
1777 3063 1973 3110 unam
2026 3039 2373 3112 dialectum
2425 3063 2539 3112 se·-

308 3144 569 3242 quitur,
635 3140 752 3215 sed
816 3142 1053 3240 ubique
1115 3164 1304 3234 rara,
1389 3142 1722 3237 obsoleta,
1790 3142 2101 3214 inusitata
2117 3194 2143 3235 ,
2211 3150 2541 3217 certorum

309 3248 605 3320 locorum
662 3245 930 3343 propria
995 3269 1080 3317 ex
1159 3244 1573 3316 abditissimis
1642 3253 1837 3345 atque
1900 3245 2323 3341 ignotissimis
2387 3246 2541 3317 fon-

310 3349 486 3423 tibus
539 3355 927 3447 comportat,
978 3355 1285 3446 tantaque
1347 3348 1417 3418 in
1469 3348 1662 3446 copia
1713 3349 2109 3420 diversarum
2176 3349 2543 3447 scriptura-

311 3477 480 3538 rum,
533 3452 726 3524 etiam
788 3459 939 3549 post
1008 3451 1561 3545 diligentissimam
1633 3475 1859 3524 curam
1925 3451 2203 3549 relinqui
2270 3475 2541 3524 necesse

314 3564 414 3628 est
463 3579 631 3653 quae
683 3554 876 3626 dubia
936 3554 1310 3647 videantur,
1377 3555 1483 3626 vel
1540 3554 1759 3631 denuo
1826 3554 2236 3627 considerata
2298 3553 2543 3652 aliquid

314 3647 785 3756 emendationis
832 3657 1193 3730 admittant.
1298 3657 1519 3749 Quare
1571 3666 1639 3730 et
1685 3658 1771 3729 ab
1824 3658 2072 3730 editore
2123 3656 2540 3730 meritissimo

232 3830 239 3835 .
318 3746 383 3834 et
435 3787 477 3835 a
513 3742 878 3834 lectoribus
929 3761 1170 3833 nostris
1222 3761 1531 3833 maiorem
1581 3786 1704 3833 nos
1755 3761 2059 3857 gratiam
2083 3760 2359 3833 inituros
2407 3785 2542 3858 pu-

311 3873 555 3958 tamus,
609 3864 668 3935 si
719 3889 799 3936 ea
845 3866 1061 3963 potius
1076 3916 1101 3957 ,
1156 3864 1236 3935 de
1286 3864 1518 3960 quibus
1586 3864 1999 3935 dissentimus
2016 3916 2041 3956 ,
2115 3888 2305 3962 quam
2371 3888 2543 3935 non-

316 3968 493 4040 nulla
536 3968 626 4039 -de
677 3967 895 4040 multis
964 3968 1098 4038 illis
1117 4019 1143 4061 ,
1223 3965 1304 4038 de
1384 3966 1616 4065 quibus
1693 3990 1884 4040 nemo
1955 3991 2090 4039 non
2153 3966 2546 4038 assentietur

316 4068 765 4165 Bachmanno,
818 4070 1181 4144 afferemus.

527 4221 614 4296 V.
666 4227 741 4296 2.
790 4223 972 4302 515.
1024 4226 1204 4299 714.
1272 4222 1582 4297 vellemus
1643 4247 1734 4297 ex
1781 4222 1933 4296 cod.
1985 4221 2144 4294 Par.
2208 4218 2301 4294 A.
2351 4245 2546 4318 quem

321 4326 465 4424 ipse
529 4326 992 4400 Bachmannus
1071 4327 1349 4400 caeteris
1412 4326 1909 4426 praeferendum
1977 4331 2242 4417 censet,
2310 4325 2546 4424 α’κρας

327 4452 446 4526 pro
496 4430 735 4531 ἄκρης
783 4437 1145 4544 Inceptum,
1197 4455 1395 4543 quum
1446 4430 1658 4506 codex
1705 4429 1819 4503 ille
1856 4428 2065 4503 etiam
2114 4454 2178 4502 v.
2248 4425 2424 4504 515.
2479 4435 2545 4503 et
