3275 5317
734 469 831 543 ’ω
1251 471 1374 533 DE
1418 467 2469 546 INTERPOLATIONIBVS

741 635 861 711 ἐπὶ
909 630 1141 712 ναυσὶ
1187 628 1466 730 μάχην,
1518 631 1638 705 sed
1687 630 1772 703 ad
1822 656 1937 705 eas
2001 656 2169 729 qnae
2221 640 2538 707 vocantur
2586 635 2668 710 ἐν
2718 629 2968 730 πεδίῳ.

740 739 824 811 Id
874 762 1072 836 quum
1123 760 1210 808 ex
1265 760 1344 808 eo
1397 742 1696 834 apparet,
1750 734 1925 832 quod
1974 759 2100 809 nec
2150 737 2321 808 muri
2369 760 2496 811 nec
2535 736 2796 809 navium
2845 735 2973 807 ulla

744 841 987 916 mentio
1038 838 1139 933 fit,
1193 847 1456 937 praeter
1505 838 1625 911 bos
1676 838 1841 911 duos
1891 838 2075 911 locos
2124 863 2190 913 v.
2245 842 2427 913 620.

1052 974 1343 1077 λείψετέ
1384 979 1545 1071 θην
1573 975 1774 1050 οὕτω
1799 1005 1885 1078 γε
1914 975 2088 1059 νέας
2119 981 2452 1054 Δαναῶν
2483 971 2971 1073 ταχυπώλων,

749 1111 815 1193 et
865 1145 926 1191 v.
982 1117 1159 1189 668.
1212 1114 1360 1215 ipsa
1411 1113 1669 1187 dicendi
1718 1114 1930 1186 forma
1980 1099 2328 1212 suspecto}

1054 1253 1104 1349 ἢ
1155 1252 1311 1352 μετ’
1360 1252 1702 1349 Ἀχαιῶν
1751 1251 2025 1347 νηυσὶν
2050 1250 2197 1328 ὑπὸ
2260 1248 2593 1353 Τρώεσσι
2626 1250 2982 1349 δαμῆναι,

753 1417 1025 1492 quorum
1073 1389 1268 1463 facile
1321 1389 1561 1462 coniici
1623 1397 1845 1487 potest
1889 1390 1962 1461 in
2028 1390 2233 1463 altero
2300 1390 2475 1474 νέας
2535 1414 2660 1489 pro
2709 1384 2980 1487 μάχην,

753 1498 821 1569 in
872 1495 1081 1568 altero
1132 1492 1405 1588 νηυσὶν
1453 1517 1575 1590 pro
1628 1501 1787 1590 λαῷ
1838 1517 1985 1566 esse
2035 1501 2365 1587 novatum,
2417 1503 2559 1567 tum
2586 1491 2982 1588 singulorum

711 1647 717 1654 -
754 1600 1198 1671 demonstrant
1259 1596 1584 1669 factorum
1649 1595 2120 1694 descriptiones
2169 1596 2318 1694 ipsa
2376 1620 2598 1670 rerum
2661 1601 2985 1692 gestarum

753 1700 1123 1775 conditione
1173 1707 1558 1795 naturaque.
1662 1696 1950 1772 Accedit
1998 1699 2160 1771 illud
2207 1700 2278 1770 in
2326 1698 2456 1773 hoc
2507 1698 2798 1773 carmine
2846 1717 2986 1767 me-

704 1816 717 1826 ’
751 1803 1089 1895 morabile‚
1144 1802 1321 1900 quod
1370 1801 1484 1898 qui
1533 1801 1818 1898 aliquem
1865 1801 2254 1898 occiderunt
2265 1853 2291 1894 ‚
2358 1804 2497 1876 fere
2545 1798 2796 1899 aliquid
2843 1797 2987 1894 glo·

753 1907 967 1980 riandi
1019 1929 1256 1978 caussa
1307 1905 1567 1977 dicuntz
1637 1930 1766 2002 quo
1817 1904 1946 1978 hoc
2014 1929 2279 1978 carmen
2343 1930 2385 1977 a
2447 1904 2733 1978 caeteris
2780 1897 2988 2001 partif-

751 2013 875 2084 bus
926 2034 1211 2107 pugnae,
1263 2008 1375 2081 cui
1423 2008 1737 2080 insertum
1792 2016 1917 2100 est,
1969 2008 2276 2104 insignite
2342 2007 2785 2105 distinguitur.
2883 1997 2987 2073 Eo

666 2126 700 2190 l
714 2115 1049 2191 5carmine
1100 2119 1403 2209 exempto
1454 2111 1588 2183 iam
1649 2118 1832 2183 recte
1898 2111 2250 2184 cohaerere
2314 2109 2525 2183 xm.
2602 2111 2778 2185 344.
2845 2126 2987 2179 cum

757 2246 821 2293 v.
876 2220 973 2290 67
977 2219 1051 2287 4.
1105 2239 1288 2311 seqq.
1316 2221 1411 2286 ⁴et
1457 2237 1678 2284 rerum
1729 2214 1888 2286 ordo
1943 2213 2263 2306 ostendit,
2317 2222 2386 2287 et
2432 2214 2578 2312 ipse
2630 2219 2826 2311 poeta
2873 2206 2990 2278 de-

757 2323 991 2396 clarat.
1092 2315 1268 2389 Nam
1315 2315 1706 2388 Idomeneus
1771 2317 1884 2387 ubi
1935 2341 2086 2390 cum
2134 2317 2436 2389 Metione
2502 2317 2821 2389 deliberat
2868 2329 2990 2407 qua

759 2431 946 2523 parte
996 2428 1388 2494 succurrant
1437 2420 1599 2510 suiS‚
1653 2419 1958 2515 quoniam
2005 2420 2076 2490 in
2126 2420 2342 2493 media
2391 2420 2537 2493 acie
2579 2417 2830 2491 Aiaces
2879 2434 2988 2482 sa-

760 2527 847 2599 tis
898 2524 1263 2597 sustineant
1311 2521 1623 2595 Hectoris
1674 2524 2013 2620 impetum,
2067 2548 2132 2595 v.
2189 2526 2365 2595 326.
2420 2523 2623 2595 dicit:

1067 2668 1260 2738 νῶϊν
1310 2658 1393 2735 δ’
1451 2652 1567 2735 ὦὸ
1619 2659 1724 2734 ἐπ’
1780 2659 2102 2761 ἀριστέρ’
2160 2660 2274 2756 ἔχε
2328 2669 2681 2759 στρατοῦ.

761 2800 994 2898 Itaque
1044 2799 1203 2871 illuc
1254 2822 1335 2869 se.
1379 2804 1802 2890 convertunt,
1856 2798 2394 2895 vehementerque
2443 2804 2749 2897 premunt
2812 2790 2990 2865 Tro-

760 2906 972 2997 ianoS,
1027 2899 1202 3001 quod
1263 2900 1656 2974 describitur
1718 2925 1926 2998 usque
1994 2901 2079 2974 ad
2144 2927 2209 2974 v.
2276 2904 2454 2975 344.
2557 2898 2725 2973 Inde
2786 2889 2991 2995 pergit

761 3016 958 3104 pocta
1008 3032 1070 3079 v.
1128 3006 1228 3079 67
1231 3007 1308 3076 4.

1052 3159 1359 3255 “Emwo
1411 3156 1491 3232 δ’
1560 3158 1701 3232 οὐκ
1753 3158 2116 3334 ἐπέπυστὸρ
2185 3159 2318 3232 Διῒ
2380 3156 2637 3257 φίλος,
2704 3147 2882 3231 οὐδέ
2924 3168 2991 3219 τι

1079 3361 1243 3438 ὅττι,
1293 3358 1389 3455 ῥά
1441 3362 1515 3437 οἱ
1564 3370 1778 3456 νηῶν
1830 3362 1935 3436 ἐπ’
1992 3361 2350 3463 ἀριστερὰ
2402 3358 2775 3458 δηϊόωντο

1075 3464 1241 3540 λαοὶ
1291 3464 1413 3541 ὑπ’
1459 3462 1853 3566 Ἀργείων.

766 3616 920 3689 Non
990 3640 1298 3713 quaeram
1362 3640 1556 3713 quam
1621 3618 1818 3714 longe
1880 3618 2008 3692 hoc
2075 3640 2346 3692 carmen*
2396 3617 2833 3717 producatur,
2886 3601 2998 3679 Βθᾶ

767 3716 929 3790 illud
979 3727 1274 3816 apertum
1327 3729 1452 3813 est,
1505 3745 1638 3794 non
1688 3721 1890 3793 fuisse
1939 3723 2011 3793 in
2064 3746 2142 3795 eo
2158 3774 2183 3815 ,
2237 3745 2403 3820 quae
2452 3722 2536 3793 de
2601 3719 2884 3795 Nestore
2932 3713 2998 3779 et

767 3820 1136 3896 Machaone
1184 3820 1386 3894 XIV.
1448 3827 1703 3898 1-8,
1754 3849 1880 3899 nec
1943 3849 2110 3922 quae
2173 3825 2257 3897 de
2280 3867 2298 3876 —
2320 3824 2634 3898 Patroclo
2696 3816 2999 3912 Eurypy-

768 3926 905 3997 lum
967 3924 1370 4021 relinquente
1432 3926 1602 4001 XV.
1674 3928 2136 4003 390—405.
2198 3936 2568 4000 narrantur.
2669 3895 2850 3998 'Sed
2892 3909 2999 4011 qui

768 4036 966 4127 poeta
1012 4025 1390 4125 Neptunum
1438 4037 1574 4103 tarn
1614 4031 1943 4129 insignem
2012 4039 2081 4104 et
2127 4030 2524 4104 luculentam
2591 4051 2785 4129 opem
2832 4021 2998 4112 fem

770 4129 1052 4205 Graecis
1067 4181 1093 4222 ‚
1160 4154 1414 4229 quoque
1477 4132 1591 4205 ille
1660 4132 1998 4207 efficacius
2047 4133 2293 4233 pellere
2360 4133 2689 4209 Troianos
2753 4124 2998 4226 posim,

768 4231 992 4306 Iovem
1054 4232 1327 4307 Iunonis
1399 4236 1647 4308 artibus
1724 4260 1952 4309 somno
2015 4236 2219 4335 sopiri
2289 4236 2451 4310 fecit
2462 4288 2489 4329 ‚
2584 4237 2643 4311 is
2707 4226 3000 4332 profecto

768 4358 901 4407 non
949 4336 1164 4432 potuit
1212 4336 1339 4411 hoc
1382 4339 1719 4412 inventum
1794 4338 2171 4414 inchoatum
2233 4339 2628 4433 destituere,
2710 4331 2828 4408 sed
2889 4346 3003 4398 ῐθ·

767 4436 943 4510 ferre
1034 4431 1259 4511 debuit
1315 4436 1533 4516 *etiam
1612 4443 2075 4542 expergefacto
2169 4441 2330 4519 Iove
2413 4444 2571 4542 quid
2655 4431 3003 4514 evenisset·
