3275 5317
738 466 867 536 170
1385 464 1509 526 DE
1549 461 2353 532 EPIGRAMMAT18··

737 630 856 726 ligi
903 641 1099 725 posse
1149 625 1464 717 videatur,
1516 624 1995 699 adolescentem
2044 624 2225 697 illum
2240 676 2267 719 ,
2317 625 2737 723 priusquam
2732 627 2948 698 armis

737 756 890 808 cum
936 729 1122 804 hoste
1172 727 1709 824 congrederetur,
1777 727 2024 801 infelici
2084 751 2248 804 casu
2309 752 2454 802 esse
2519 736 2948 828 peremptum,

735 834 855 910 tali
903 832 1120 928 aliquo
1170 830 1465 928 exemplo
1532 830 1784 904 ostendi
1847 831 2088 927 poterit
2148 838 2333 905 recte
2393 830 2753 931 procedere
2811 830 2949 924 1113,

737 960 903 1033 quae
952 936 1023 1006 in
1071 933 1286 1031 lapide
1335 933 1585 1031 scripta
1633 932 1958 1007 31311333.

938 1087 1036 1181 [εἲ
1083 1085 1167 1162 δ’
1208 1088 1549 1262 ἐχθρῶν
1571 1083 2010 1184 βελέεσσιν’
1977 1083 2090 1160 ενὶ
2084 1081 2568 1216 προμάχοισι
2597 1080 2951 1169 πεσόντος

1134 1186 1409 1288 τύμβῳ
1464 1186 1549 1262 έδ
1550 1217 1709 1263 ωκα
1772 1187 1947 1265 νέον
2011 1190 2196 1284 σῶμ’
2252 1187 2293 1263 ὃ
2346 1186 2673 1320 γεραιος]
2727 1181 2902 1291 tyn),

937 1300 1068 1369 σεῦ
1118 1292 1323 1376 κλέος
1375 1293 1719 1391 ἄφθιτον
1767 1290 1930 1367 αἰὲν
1982 1286 2471 1389 [εὕ]μναστόν
2538 1320 2633 1421 με
2704 1293 2952 1389 ε’,θηκε

1135 1396 1471 1490 ῥαΐτερος
1520 1392 1652 1469 καί
1699 1395 1860 1489 κ[εν
1907 1394 2141 1495 ματρὶ
2189 1390 2434 1478 πόθος
2441 1394 2737 1523 γε’νετο

936 1497 1232 1592 παιδὸς]
1287 1497 1686 1595 Πασιθεα,
1753 1500 2071 1582 θνατοῖς
2136 1496 2219 1573 δὲ
2273 1496 2467 1573 ἐοῢᾶ
2535 1497 2957 1597 ὅνο[μαστᾶ

1139 1598 1487 1699 ὥλβίσθη
1542 1600 1902 1701 σφετέρας
1952 1604 2226 1678 είνεκεν
2262 1599 2710 1696 εὐτεκνίας]

731 1754 855 1849 At,
903 1737 1138 1852 inquit,
1188 1753 1317 1828 hoc
1365 1761 1470 1828 est
1514 1719 1765 1828 ludere.
1867 1754 2120 1832 Recte.
2169 1754 2395 1838 ludere
2433 1754 2637 1849 volui,
2686 1779 2821 1827 non
2870 1754 2958 1828 il-

730 1859 981 1933 ludere.

936 1959 1179 2035 Dicam
1235 1985 1411 2034 nunc
1478 1960 1559 2036 de
1610 1959 1740 2034 alio
1804 1959 1995 2034 valde
2056 1960 2459 2034 memorabili
2520 1958 2738 2057 lapide
2751 2010 2777 2051 ,
2849 1960 2960 2057 qni

735 2065 933 2140 trium
983 2064 1272 2138 continet
1322 2064 1679 2136 carminum
1727 2063 2090 2159 fragmenta
2139 2063 2695 2161 praestantissima
2708 2088 2730 2133 z
2787 2086 2959 2160 quo-

728 2192 877 2244 rum
927 2166 1052 2241 etsi
1102 2175 1322 2263 partes
1391 2167 1707 2286 quaedam
1768 2166 1960 2264 plane
2009 2165 2419 2258 interierunt,
2472 2173 2691 2238 tamen
2731 2164 2958 2262 plera·-

733 2295 859 2368 que
908 2269 1003 2343 ita
1053 2276 1329 2367 possunt
1374 2269 1658 2361 restitui,
1709 2276 1785 2341 ut
1833 2268 1946 2344 vix
1997 2269 2344 2366 quidquam
2374 2268 2794 2342 dubitationis
2843 2292 2959 2340 re-

730 2374 1085 2470 linquatur.
1186 2370 1272 2444 Id
1318 2380 1669 2445 tractatum
1720 2379 1821 2446 est
1868 2372 1938 2442 in
1964 2372 2173 2468 primo
2206 2370 2743 2469 Inscriptionum
2764 2369 2958 2443 voln-

730 2474 906 2548 mine
955 2499 1025 2571 p.
1078 2477 1180 2548 47
1183 2477 1257 2547 7
1309 2498 1488 2572 seqq.
1545 2481 1611 2547 et
1659 2474 1731 2546 in
1780 2474 2091 2546 addendis
2155 2499 2226 2571 Ρ.
2295 2479 2472 2548 913.
2535 2497 2719 2592 seqq.
2826 2473 2961 2564 931

687 2577 987 2676 Sprimus
1036 2575 1261 2668 edidit,
1312 2575 1370 2650 I
1422 2576 1527 2650 M.
1582 2574 1945 2669 Gesnerus,
2014 2600 2207 2674 quae
2230 2585 2368 2649 tum
2418 2577 2731 2673 temporis
2781 2575 2959 2652 mul-

732 2688 950 2758 torum
1001 2687 1145 2751 erat
1196 2676 1497 2752 Graecae
1546 2680 1806 2776 linguae
1834 2680 2183 2777 imperitia,
2233 2679 2329 2752 ita
2354 2679 2637 2776 explevit
2657 2678 2957 2770 lacunas,

730 2790 810 2858 ut
882 2806 1127 2855 meram
1189 2782 1548 2855 barbariem
1599 2783 1984 2858 exhibuerit.
2084 2781 2354 2854 Illorum
2405 2781 2763 2856 carminum
2784 2781 2960 2879 -pri-

732 2910 909 2960 mum
961 2885 1230 2981 hymnus
1281 2892 1382 2958 est
1430 2882 1836 2981 Aesculapii,
1888 2885 1960 2957 in
2008 2909 2135 2982 quo
2188 2908 2357 2981 quae
2387 2905 2731 2984 perperam
2781 2884 2957 2957 seri-

732 2989 868 3088 psit
916 2988 1268 3085 lapidarius
1268 3002 1295 3075 4,
1349 2988 1686 3062 emendata
1734 2997 1886 3060 sunt
1933 2988 2015 3059 ab
2068 2985 2314 3062 editore
2368 2986 2704 3083 Corporis,
2754 3011 2959 3085 prae-

733 3101 837 3164 ter
885 3116 1084 3166 unum
1132 3091 1357 3163 vitium
1371 3142 1395 3183 ,
1461 3092 1531 3163 in
1598 3115 1725 3187 quo
1790 3090 2076 3167 tollendo
2139 3089 2332 3162 facile
2392 3090 2608 3186 patiar
2668 3116 2774 3162 me
2826 3090 2962 3162 dici

735 3193 1114 3267 coniectura
1164 3193 1490 3310 expellere
1540 3192 1713 3289 quod
1760 3193 1832 3263 in
1878 3192 2094 3289 lapide
2158 3192 2246 3265 sit
2308 3192 2691 3268 certissime.
2806 3190 2959 3265 Le-

736 3302 978 3392 guntur
1026 3294 1197 3375 enim
1244 3295 1317 3367 in
1367 3319 1446 3370 eo
1495 3295 1727 3390 hymno
1777 3294 1845 3365 hi
1896 3319 2155 3368 versus.

937 3446 1185 3523 ύπνον
1235 3444 1382 3521 ἀπὸ
1433 3444 1845 3546 βλεφάρων
1909 3444 2278 3531 σκεδάσας
2343 3448 2588 3543 εὐχῶν
2638 3443 2954 3523 ἐπάκουε

941 3558 1102 3635 σῶν
1164 3544 1593 3649 Μερόπων,
1677 3552 1750 3624 οἳ
1822 3551 2059 3626 πολλα
2132 3548 2538 3654 γεγηθοτες
2606 3547 2956 3628 ἱλάσκον-

1951 3683 2080 3728 ται

944 3752 1084 3830 σὸν
1110 3752 1474 3842 σθενος,’
1429 3747 1827 3855 ηπιοφρων
1844 3755 2267 3853 Ἀσκληπιε,
2294 3765 2621 3856 πρῶτον,
2639 3754 2953 3859 Ὑγείαν.

738 3907 932 4001 Quis,
984 3907 1281 3998 obsecro,
1330 3907 1558 3982 ultima
1604 3909 1720 3981 illa
1766 3911 1962 3985 verba
2026 3904 2398 4005 intelligat?
2517 3907 2705 4001 9333
2755 3935 2956 4006 quum

737 4019 809 4085 et
858 4008 1196 4084 Gesnerus
1274 4015 1341 4082 et
1406 4011 1516 4107 qui
1566 4011 1779 4085 denuo
1847 4021 2155 4086 accurate
2217 4012 2498 4109 lapidem
2561 4012 2957 4086 examinavit

736 4111 1119 4188 Voelkelius
1169 4111 1417 4210 scripta
1465 4113 1765 4206 viderint,
1816 4139 1947 4188 non
2012 4116 2430 4190 dubitandum
2493 4113 2748 4186 videtur
2799 4116 2956 4211 quin

736 4217 1027 4312 posuerit
1073 4216 1190 4290 1113
1258 4216 1452 4289 verba
1513 4215 1889 4314 lapidarius.
2006 4214 2102 4289 At
2165 4241 2317 4290 vero
2389 4216 2672 4313 scriptor
2735 4216 2954 4313 hymni

737 4340 895 4390 num
944 4318 1209 4417 scripsit
1256 4319 1429 4417 quod
1478 4343 1676 4393 sensu
1725 4327 2016 4393 careret
1997 4313 2035 4373 Ρ
2086 4316 2282 4396 Absit
2332 4327 2404 4394 ut
2449 4320 2519 4391 id
2571 4319 2953 4394 credamus.

739 4416 935 4495 inuno
998 4423 1103 4495 vel
1165 4421 1704 4504 obstinatissimus
1766 4422 2065 4501 defensor
2138 4422 2598 4522 lapidariorum
2670 4422 2957 4500 fateatur
