3275 5317
1050 497 1124 562 G.
1170 496 1246 563 Η.
1290 492 1825 560 BRANDESII
2140 585 2171 612 θ
2443 489 2572 558 325

332 666 459 751 ter,
515 655 625 730 cui
690 680 921 755 parum
972 657 1161 730 utilia
1224 664 1512 731 tractare
1578 656 1956 750 videbatur,
2022 655 2092 728 id
2153 654 2570 729 indicandum

333 761 522 833 duxit
571 762 773 834 tutori
824 761 964 833 eius
1012 759 1426 834 Petersonio.
1530 758 1602 833 Is
1656 785 1809 833 vero
1863 784 2008 831 eam
2044 760 2415 850 consolatus
2442 767 2569 852 est,

333 877 658 962 quumque
750 863 1246 957 Woltmannum
1340 863 1790 956 convenisset,
1911 863 2025 960 qui
2125 862 2575 935 Ritzebiittelii

332 967 800 1039 munitionibus
876 968 1161 1065 aquariis
1212 968 1583 1064 praefectus
1636 975 1781 1039 erat
1792 1018 1818 1058 ,
1871 966 2005 1059 hic,
2059 965 2416 1038 admiratus
2464 966 2577 1038 in-

333 1070 549 1143 dolem
607 1070 822 1168 pueri,
875 1094 1025 1142 eum
1073 1071 1357 1144 nondum
1408 1070 1708 1143 absoluto
1758 1066 1959 1142 cursu
2010 1068 2406 1142 scholastico
2459 1094 2579 1140 su-

333 1198 440 1245 am
489 1174 561 1244 iu
613 1173 872 1245 domum
923 1174 1213 1271 recepit,
1267 1199 1396 1271 quo
1450 1198 1596 1245 611111
1667 1172 2012 1245 structuris
2079 1172 2210 1244 illis
2274 1172 2402 1243 rite
2470 1173 2579 1244 fa-

332 1275 585 1350 ciendis
636 1276 948 1349 erudiret.
1052 1276 1253 1349 Brevi
1302 1284 1457 1374 post
1504 1276 1677 1348 idem
1730 1300 1879 1348 eum
1930 1300 2062 1347 non
2133 1274 2411 1372 amplius
2463 1299 2580 1347 se·-

334 1379 549 1452 decim
601 1403 806 1451 annos
857 1387 1082 1451 natum
1132 1380 1452 1476 praefecit
1498 1379 1928 1476 inspiciendis
1997 1377 2302 1474 operibus
2369 1401 2584 1474 agge-

331 1507 478 1555 rum
529 1506 663 1555 nou
714 1482 969 1578 exiguis
1021 1484 1090 1553 iu
1140 1482 1379 1575 insula,
1435 1483 1544 1555 cui
1594 1506 1831 1555 nomen
1891 1479 2247 1573 Neuvverk,
2298 1480 2580 1553 rationi-

227 1663 238 1667 *
331 1585 583 1683 busque
634 1584 1056 1659 conficiendis
1105 1586 1427 1659 mercedis
1447 1633 1452 1636 -
1476 1585 1833 1658 fabrorum.
1955 1581 2126 1656 Eius
2193 1583 2445 1655 insulae
2506 1584 2581 1658 in

333 1689 596 1762 deserta
671 1689 919 1786 pharo,
972 1713 1167 1786 quam
1233 1712 1276 1761 a
1338 1696 1681 1762 ventorum
1720 1697 1928 1808 ’atque
1994 1686 2313 1758 undarum
2363 1686 2449 1758 im
2454 1711 2581 1785 pe-

333 1800 409 1865 tu
458 1791 797 1865 tutandam
847 1793 1144 1888 accepit,
1212 1791 1610 1864 domicilium
1680 1792 1742 1863 61
1792 1792 2051 1882 datum,
2128 1790 2200 1860 in
2252 1814 2379 1886 quo
2432 1798 2582 1862 stu-

335 1895 445 1967 dia
495 1919 618 1966 sua
666 1903 1191 1992 persequeretur.
1242 1892 1348 1965 lbi
1396 1895 1599 1990 igitur
1647 1894 1785 1966 fere
1820 1893 2061 1965 biennii
2112 1893 2325 1989 spatio
2377 1916 2581 1989 prae-

336 1998 572 2095 cipue
581 1997 784 2070 libros
836 1998 1274 2091 Batavorum,
1329 1998 1442 2095 qui
1494 1996 1575 2070 de
1629 1997 2013 2070 coercendis
2066 1995 2253 2115 aquis
2307 2004 2376 2069 et
2427 2019 2580 2067 mu-

333 2101 590 2173 niendis
639 2100 913 2173 lacubus
967 2102 1460 2198 praeciperent,
1528 2101 1839 2172 tractavit
1896 2108 2100 2197 atque
2163 2098 2233 2169 iu
2298 2099 2581 2196 patriam

335 2205 624 2301 linguam
692 2204 1046 2277 transtulit.
1164 2203 1426 2276 Deinde
1492 2228 1648 2276 vero
1727 2228 1801 2276 se
1885 2199 2313 2297 Goettingam
2380 2224 2595 2273 suasu·

334 2306 750 2380 Woltmanni
801 2307 1115 2400 contulit,
1179 2308 1494 2388 invitante
1561 2307 1925 2405 stipendio,
1995 2305 2166 2403 quod
2219 2305 2263 2375 a‘
2310 2305 2583 2377 maiori·-

332 2411 457 2484 bus
524 2411 666 2482 eius
731 2411 1062 2483 conditum
1127 2419 1269 2483 erat
1331 2410 1405 2481 in
1469 2435 1663 2482 usum
1724 2405 2139 2507 gentilium,
2174 2408 2285 2505 qui
2349 2408 2466 2478 illa
2513 2408 2583 2478 in

334 2512 701 2587 Academia
762 2514 999 2600 litteris
1065 2538 1331 2611 operam
1396 2513 1648 2586 darent.
1777 2511 2012 2610 Itaque
2080 2536 2250 2583 anno
2316 2509 2582 2583 XCVI.

239 2642 244 2648 ’
334 2618 405 2690 111
456 2617 696 2701 civium
744 2613 1292 2689 Academicorum
1355 2641 1693 2688 numerum
1746 2640 1786 2687 a
1837 2616 2196 2687 Meinersio
2236 2622 2375 2686 tum
2419 2639 2585 2711 pro-

334 2729 595 2794 rectore
645 2720 915 2812 relatus,
970 2744 1166 2817 quum
1216 2718 1533 2790 lectiones
1598 2718 2093 2790 mathematicas
2160 2725 2230 2789 61
2278 2718 2584 2813 physicas

338 2824 617 2916 audiret,
671 2822 1025 2920 praecipue
1076 2830 1424 2893 veneratus
1475 2829 1579 2893 est
1626 2818 2209 2917 Lichtenbergium
2225 2871 2251 2911 ,
2321 2820 2584 2916 quicum

336 2935 572 3027 postea
633 2949 890 3024 quoque
967 2926 1231 2998 iunctus
1307 2924 1433 2996 fuit
1514 2924 1879 2996 litterarum
1962 2922 2381 2995 commercio.
2501 2921 2585 2993 In
2640 2989 2644 2995 .

337 3029 566 3130 primis
632 3034 851 3100 autem
918 3052 1067 3101 cum
1132 3024 1342 3100 amico
1427 3052 1546 3100 suo
1615 3026 1926 3122 socioque
1989 3024 2348 3097 studiorum
2397 3024 2588 3096 Ben-

339 3130 688 3227 zenbergio
742 3155 884 3203 eam
938 3138 1040 3203 est
1090 3131 1262 3203 viam
1310 3131 1671 3226 ingressuS,
1723 3130 1792 3200 in
1847 3152 2038 3225 quam
2083 3129 2343 3225 saepius
2393 3136 2585 3224 post-

341 3261 421 3310 ea
470 3236 706 3326 rediit,
759 3243 835 3307 ut
900 3234 1234 3305 stellarum
1287 3234 1655 3306 cadentium
1720 3232 2120 3324 altitudines,
2186 3231 2586 3328 magnitudi-

341 3365 486 3433 nes,
537 3330 792 3410 meatus
841 3337 1304 3433 investigaret,
1369 3337 1798 3457 refutatisque
1863 3336 2165 3406 inanibus
2218 3359 2384 3432 quae
2436 3335 2585 3405 vul-

325 3469 428 3541 ,go
481 3441 1105 3515 circumferebantur
1169 3440 1550 3513 commentis
1619 3438 2029 3531 ostenderet,
2114 3438 2586 3510 diversissimas

341 3572 449 3620 res
501 3568 671 3637 esse,
725 3568 891 3642 quae
943 3567 1022 3615 eo
1076 3543 1335 3615 nomine
1363 3543 1872 3641 appellarentur,
1928 3565 2197 3638 quarum
2240 3539 2403 3611 alias
2437 3563 2587 3612 ma-

341 3650 543 3723 terias
595 3672 741 3721 esse
791 3646 1288 3745 phosphoricas,
1343 3670 1509 3743 quae
1558 3647 1627 3716 in
1682 3653 1922 3718 terram
1969 3643 2368 3731 deciderent,
2423 3643 2586 3714 alias

344 3761 563 3825 autem
612 3751 863 3823 maiora
893 3769 1233 3848 corpora,
1288 3774 1455 3845 quae
1504 3748 1754 3821 XXX.
1808 3746 2084 3845 amplius
2135 3746 2493 3819 miliaribus
2545 3769 2588 3818 a

342 3862 524 3929 terra
571 3854 867 3928 flexuoso
921 3877 1120 3926 cursu
1170 3858 1606 3925 moverentur.
2572 3885 2576 3890 ’

548 3956 973 4030 Discesserat
1036 3981 1123 4029 ex
1188 3953 1547 4028 Academia
1620 3952 1857 4026 litteris
1943 3952 2185 4049 optime
2267 3952 2585 4025 formatus

346 4052 604 4159 vitaque
632 4059 885 4157 puriter
912 4067 1063 4132 acta
1107 4084 1275 4132 anno
1307 4055 1643 4148 XCVIII.
1684 4055 2073 4153 biennioque
2114 4063 2266 4152 post
2297 4042 2587 4127 ediderat

347 4189 478 4236 una
527 4188 697 4237 cum
727 4159 1218 4259 Benzenbergio
1269 4139 1454 4233 illum
1505 4161 1586 4233 de
1638 4160 1845 4231 stellis
1888 4158 2268 4232 cadentibus
2319 4157 2582 4250 1111111111,

283 4304 289 4311 ·
349 4290 757 4340 6611111111116111
806 4265 1148 4362 utriusque
1208 4266 1405 4352 3111161
1470 4263 1832 4338 studiorum
1895 4262 2178 4334 fructum
2195 4313 2220 4352 ,
2275 4285 2471 4358 quum
2523 4260 2586 4332 61
2711 4355 2717 4361 .

348 4368 713 4490 Hamburgi
761 4391 997 4439 munus
1046 4368 1342 4464 magistri
1405 4368 1476 4439 in
1538 4366 1945 4464 paedagogio
2012 4364 2413 4458 clarissimae
2477 4363 2586 4435 fe-

352 4473 605 4566 minae,
674 4470 1020 4546 Carolinae
1096 4470 1469 4569 Rudolpbi,
1552 4469 1838 4544 oblatum
1908 4474 2044 4541 est.
2100 4467 2285 4568 quod
2350 4490 2583 4539 munus
