3275 5317
868 481 1427 554 QvlssvsnAM
1472 480 1909 549 GRAECIS.
2410 482 2537 555 181

291 638 489 739 άσσῃ
540 646 768 716 uatum
816 642 904 717 sit
952 668 1040 717 ex
1091 669 1317 718 errore
1368 643 1616 742 antiqui
1669 644 1945 718 alieuius
2005 642 2289 739 librarii,
2343 647 2532 721 euius

280 745 493 818 menti
541 743 705 818 illud
754 770 991 819 nomen
1041 746 1546 821 obversabatur·
1596 748 1668 819 in
1718 747 2184 869 epigrammate
2213 749 2530 849 seriptum

286 847 508 921 fuerat
564 849 1091 948 Πασιφαὲσσῃ.
1193 849 1286 924 V.
1342 854 1415 922 2.
1467 858 1732 948 praeter
1794 850 1990 948 primi
2054 850 2335 924 numinis
2400 852 2531 925 ali-

284 958 449 1050 quot
499 952 846 1025 mendosas
895 952 1139 1025 formas
1205 978 1243 1025 e
1296 952 1632 1026 codicibus
1664 952 2041 1027 adnotatum
2092 963 2195 1028 est
2246 954 2530 1058 ἀγέλαι,

278 1054 722 1233 ἴζζῗλῖἷάαῗὶ
751 1057 948 1231 iffi?
948 1051 1636 1233 ‘23'201thv‘3'21tffl23fs
1634 1057 1715 1128 ³¹¹
1752 1080 1974 1233 ἧψε.
1976 1057 2532 1259 ωἷὲωέἃέὲᾚ

280 1257 416 1345 τὰς
476 1256 847 1359 δάμασσε.
952 1260 1299 1334 Bekkerus
1352 1261 1638 1335 coniecit
1687 1267 1827 1346 τᾶς
1878 1292 1909 1336 ε
1893 1260 2311 1362 δάμασσε,
2362 1289 2533 1362 pro-

275 1362 566 1463 pemodo
620 1388 838 1437 verum
893 1372 1306 1495 assequutus,
1357 1365 1488 1437 nisi
1511 1364 1762 1439 codicis
1791 1363 2321 1440 Vindebenensis
2351 1368 2534 1440 seri-

275 1474 507 1565 ptura,
559 1465 698 1550 τὰς
747 1463 892 1565 μὲν
944 1465 1347 1565 ἐδάμασσε,
1399 1475 1647 1542 certam
1699 1467 2084 1541 emendandi
2108 1469 2280 1541 viam
2331 1494 2528 1543 mon-

277 1575 550 1642 straret.
654 1568 751 1643 V.
799 1574 879 1643 4.
931 1568 1181 1668 aliquot
1229 1569 1381 1643 libri
1432 1568 1795 1669 ἐρύθοντι
1846 1578 1914 1643 et
1964 1568 2326 1672 δάμαρτι.
2394 1571 2529 1645 Νί-

275 1670 365 1743 hil
423 1695 705 1746 caussae
756 1680 861 1745 est
909 1697 1032 1746 eur
1080 1673 1192 1747 hie
1241 1672 1414 1745 filius
1479 1672 1791 1746 Herculis
1855 1697 1989 1747 nou
2055 1675 2188 1747 alia
2250 1674 2532 1750 nominis

274 1774 494 1848 forma
548 1798 742 1872 quam
774 1775 1124 1950 Ἐρυθος
1186 1775 1550 1875 appellatus
1613 1776 1851 1848 fuerit:
1918 1799 2071 1849 uam
2133 1777 2323 1851 locus
2389 1778 2529 1872 ille,

276 1877 384 1975 qui
444 1873 740 1974 Erythus
806 1877 1022 1953 dictus
1087 1886 1235 1972 est,
1318 1878 1543 1976 quidni
1611 1901 1654 1949 a
1717 1885 1925 1952 matre
1989 1880 2210 1978 potius
2273 1877 2532 1976 Erytha

276 1980 413 2053 sive
467 1976 748 2077 Erythia
809 2005 1048 2053 nomen
1112 1974 1497 2079 acceperit?
1614 1980 1990 2081 Εὕρυθον
2055 2006 2209 2056 veru
2276 1982 2524 2055 dietum

275 2107 425 2156 esse
442 2135 470 2177 ,
536 2091 802 2182 praeter
864 2081 1296 2158 Welekerum
1310 2134 1337 2177 ,
1425 2082 1538 2181 qui
1582 2084 1947 2184 ’Ἑρυθον
2017 2091 2088 2158 et
2149 2085 2526 2205 Εύρυθον

274 2186 472 2268 unius
523 2184 804 2259 nominis
855 2185 1145 2259 diversas
1196 2186 1440 2259 formas
1505 2211 1653 2259 esse
1704 2188 1832 2259 sibi
1897 2188 2263 2286 persuasit,
2330 2213 2522 2262 nemo

275 2289 574 2382 credet,
614 2288 741 2361 nisi
808 2288 922 2401 qui
986 2285 1320 2388 ἐφήβους
1387 2289 1584 2386 etlam
1653 2285 2038 2389 εὖφήβους
2102 2290 2326 2364 vocari
2388 2317 2524 2364 non

274 2392 574 2468 miratur.
679 2389 824 2465 Sed
873 2419 1121 2468 τεκνοι
1169 2399 1353 2465 recte
1402 2390 1832 2487 Welekerus,
1883 2394 2168 2492 itemque
2205 2401 2299 2491 τῇ
2351 2419 2416 2467 v·
2445 2393 2520 2467 5.

273 2520 388 2593 pre
448 2490 571 2590 δή.
674 2491 821 2566 Iam
868 2520 1025 2569 veru
1076 2520 1165 2569 ex
1212 2495 1315 2567 his
1367 2518 1535 2592 quae
1586 2495 1870 2568 diximus
1916 2496 2116 2570 facile
2160 2498 2287 2570 erit
2335 2498 2617 2576 nito-17

276 2620 413 2670 rem
464 2620 660 2670 suum
706 2597 981 2671 reddere
1022 2586 1498 2697 epigrammati,
1552 2599 1729 2696 quod
1781 2599 1891 2676 vix
1934 2599 2355 2675 dubitandum
2406 2625 2523 2674 ar-

275 2699 483 2776 bitror
535 2700 694 2799 quiu
742 2701 843 2775 sie
894 2701 1212 2800 seriptum
1258 2701 1492 2774 fuerit.
2322 2745 2329 2752 ·

467 2838 872 3017 prlqexh'ng
901 2839 1322 3015 τεμενισλσα
1371 2834 1762 3017 Κυρηὲα
1760 2840 2298 2939 Πασιφαεσσῃ,

582 2970 1099 3144 τέἔυὶνέαὲἶεμ
1077 2940 1562 3143 ἷῖἔσῖςπὲθῳ
1570 2937 2353 3177 Πρέὲῗὲἔζσῗέᾞὲά

585 3145 766 3248 τῇδε
819 3146 911 3225 δέ
954 3177 1088 3246 μοι
1135 3152 1392 3224 τεκνοῖ
1434 3147 1654 3225 παῖδ’
1700 3145 2147 3245 Ἔρύθοντα
2174 3146 2462 3250 δάμαρ,

582 3250 1066 3353 νυμφογενὴς
1109 3247 1449 3351 Ἐρύθη·
1502 3259 1595 3349 τῇ
1646 3246 1826 3328 τόδ’
1883 3251 2130 3329 ἔδωκα
2178 3253 2414 3332 πέδον

580 3350 1087 3455 μναμόσυνον
1138 3352 1393 3454 φιλίας
1445 3363 1669 3459 φηγῷ
1719 3353 1868 3432 ὑπὸ
1921 3365 2203 3458 σκιερᾷ.

181 3483 210 3524 ⁴*
278 3487 623 3672 mmgffs
669 3491 798 3567 hoe
850 3491 920 3565 iu
969 3490 1435 3591 epigrammate
1450 3543 1477 3586 ,
1543 3501 1620 3568 ut
1680 3493 1751 3565 in
1803 3492 2100 3600 plurimis
2110 3540 2141 3594 ‚·
2205 3491 2330 3568 sibi
2381 3520 2511 3570 non

281 3616 433 3667 oeus
