3275 5317
755 424 884 492 116
1633 419 2083 485 scHoLAE

606 586 989 674 lossoillmn
1036 582 1416 683 praedicare
1431 634 1457 676 ,
1510 606 1727 684 quam,
1755 591 2012 681 gratum
2062 582 2150 656 sit
2196 581 2360 656 illud
2420 579 2686 657 donum
2703 633 2730 678 ,
2796 583 3011 679 decet,

748 692 863 789 qui
913 687 1137 787 quanti
1184 686 1554 760 faciendum
1604 687 1692 759 sit
1742 686 2087 759 aestimare
2135 687 2523 785 non-possit
2540 739 2570 781 ,
2627 686 2756 761 sed
2804 687 3015 785 ipsam

749 790 1271 888 Theogenidem,
1325 790 1436 863 cui
1484 814 1566 862 ea
1616 788 1801 862 colus
1865 798 2349 862 monumentum
2413 791 2526 862 est
2593 790 2729 863 viri
2795 792 3011 864 amici.

749 894 1112 968 Praeterea
1156 892 1322 965 illud
1368 890 1483 976 τίς
1532 921 1643 990 τῳ
1697 916 1777 965 eo
1805 892 2015 988 magis
2042 891 2318 964 offensui
2348 899 2489 986 est,
2549 892 2741 991 quod
2794 896 3010 992 ἐρεῖν,

755 1003 1068 1097 'quantum
1119 1021 1202 1069 ex
1251 995 1543 1068 Homero
1595 994 1837 1080 coniici
1880 997 2081 1092 'posse
2131 995 2422 1088 videtur,
2493 995 2845 1093 digamma
2891 996 3015 1068 ha-

750 1102 918 1175 buit.
1018 1099 1162 1170 Has
1214 1099 1296 1171 ob
1350 1121 1619 1171 caussas
1671 1097 1829 1168 mihi
1879 1098 2139 1194 quidem
2187 1099 2301 1172 vix
2339 1096 2791 1174 dubitandum
2819 1099 3008 1174 vide·-

751 1212 902 1296 tur,
969 1202 1125 1301 quin
1176 1202 1515 1299 scripserit
1564 1199 2004 1273 Theocritus:

952 1345 1151 1416 κεῖνο
1203 1337 1354 1441 γὰρ
1405 1336 1657 1438 Εερέει
1705 1334 1816 1435 τῷ
1865 1334 2226 1414 ποτίὃοῖἄ
2244 1386 2267 1422 ,
2330 1332 2378 1432 ἦ
2427 1334 2743 1440 μεγάλα
2790 1334 3009 1436 χάρις

833 1499 848 1520 .
956 1438 1183 1542 δώρῳ
1236 1439 1375 1527 ξύν
1427 1442 1494 1545 γ’
1551 1438 1805 1541 ὀλίγῳ.
2993 1507 2996 1510 ,

1723 1643 2010 1720 ΧΧΙΧ.

956 1816 1113 1894 Non
1176 1819 1391 1892 minus
1458 1819 1722 1917 elegans
1791 1821 2068 1893 alterum
2144 1824 2248 1890 est
2304 1813 2669 1892 Aeolicum
2745 1842 3006 1893 carmen

750 1923 1124 2016 Theocriti,
1177 1923 1352 2020 quod
1398 1923 1592 1997 hodie
1640 1925 1772 2000 iam
1820 1923 2142 2004 neminem
2204 1920 2347 1993 fore
2409 1929 2624 2018 puto,
2697 1923 2817 2020 qui
2877 1920 3007 1993 Al-

620 2048 636 2067 “
753 2051 915 2100 caeo
967 2026 1321 2099 adscribat.
1419 2025 1507 2098 In
1555 2027 1681 2100 hoc
1734 2023 1991 2124 quoque
2043 2024 2247 2122 ὅππᾳ
2296 2048 2362 2097 v.
2401 2029 2524 2104 13.
2581 2026 2786 2098 metri
2809 2024 3001 2121 igno-

750 2130 1004 2202 rantiae
1055 2129 1352 2222 debetur,
1405 2129 1670 2202 dialecti
1721 2138 1940 2202 autem
1988 2126 2248 2227 ματῇς’
2279 2151 2403 2224 pro
2451 2123 2712 2226 μάτης
2765 2152 2810 2200 a
2857 2124 3004 2226 μά-

751 2261 959 2330 τημι.
1061 2229 1204 2305 Sed
1250 2239 1516 2329 praeter
1564 2232 1731 2305 haec
1783 2232 1914 2303 alia
1961 2232 2262 2327 graviora
2308 2230 2380 2300 in
2433 2255 2514 2304 eo
2559 2239 2720 2304 sunt
2771 2231 2955 2306 vitia.

959 2332 1056 2408 V.
1110 2339 1183 2406 6.
1241 2334 1418 2427 Quid
1468 2335 1555 2406 sit
1608 2335 1695 2432 ζῇ
1747 2334 1894 2410 τάν
1947 2333 2095 2409 σὰν
2126 2332 2385 2426 ·ἰὸέαν,
2445 2359 2584 2408 non
2617 2343 2724 2408 est
2774 2336 3003 2407 inven-

754 2447 864 2511 tus
917 2438 1029 2534 qui
1078 2437 1177 2508 sic
1229 2438 1678 2534 explicaverit,
1731 2444 1807 2509 ut
1857 2460 1938 2509 ea
1988 2434 2257 2509 Graeca
2310 2439 2519 2511 oratio
2576 2462 2731 2511 esse
2782 2436 3000 2510 videa-

753 2548 888 2613 tur.
991 2538 1075 2612 Id
1125 2539 1359 2636 opinor
1406 2539 1506 2613 sic
1558 2541 1914 2639 scripserat
1959 2547 2192 2637 poeta:

1611 2676 1698 2753 τὸ
1752 2676 1902 2782 γὰρ
1957 2673 2191 2773 ἅμισυ
2243 2684 2380 2762 τᾶς
2444 2676 2661 2768 ζοΐας
2712 2680 2857 2775 ἔχω

862 2831 868 2836 -
967 2777 1253 2870 ζατέων
1307 2778 1455 2855 σᾶν
1506 2778 1751 2859 ἰδέαν·
1803 2781 1891 2877 τὸ
1944 2779 2029 2856 δὲ
2084 2780 2349 2856 λοιπὸν
2400 2777 2769 2857 ἀπώλετο.

962 2914 1058 2990 V.
1117 2921 1238 2991 19.
1293 2917 1490 3010 Quod
1539 2920 1653 2993 hic
1700 2919 1863 2993 dicit
1911 2926 2134 3019 poeta,

964 3054 1278 3153 ἀνδρῶν
1323 3063 1487 3133 τῶν
1534 3056 2064 3159 ὗπερανορέων
2114 3054 2390 3139 δοκέεις
2439 3057 2725 3143 πνέειν,

757 3192 830 3263 in
893 3216 972 3263 eo
1039 3191 1290 3268 πνέειν
1354 3201 1457 3267 est
1533 3195 1749 3268 vivere
1816 3220 1967 3268 cum
2031 3194 2250 3291 aliquo
2313 3193 2545 3290 spiritu
2562 3245 2589 3286 ,
2655 3217 2786 3266 nec
2843 3189 2996 3263 dicit

759 3294 935 3365 aliud
950 3345 975 3385 ,
1044 3303 1239 3392 quam
1302 3297 1732 3394 superborum
1779 3296 1855 3370 tu
1904 3297 2191 3371 virorum
2242 3296 2478 3394 aliquis
2530 3322 2682 3372 esse
2733 3285 2992 3370 videris.

761 3396 958 3490 Quod
1004 3398 1322 3496 sequitur,
2239 3501 2243 3505 ,

920 3574 924 3578 ·
967 3531 1146 3634 φίλη
1200 3535 1312 3624 δ’,
1367 3528 1457 3620 ἇς
1507 3564 1588 3612 κε
1643 3532 1842 3634 ζόῃς,
1893 3533 2033 3612 τὸν
2083 3536 2357 3634 ῧμοιον
2410 3537 2606 3633 ἔχειν
2657 3535 2805 3625 ἀεί,

762 3695 998 3747 vereor
1045 3680 1122 3745 ut
1173 3681 1322 3746 ante
1376 3673 1423 3763 ζ
1470 3673 1863 3773 corripuerit
1898 3674 2205 3749 'vocalem
2273 3673 2675 3749 Theocritus
2692 3702 2718 3749 ε
2794 3694 2991 3771 quare

765 3800 853 3905 ex
899 3775 1434 3875 interpretatione
1483 3776 1612 3851 hoc
1674 3787 1899 3851 natum
1967 3790 2114 3851 esse
2181 3778 2484 3875 suspicor
2536 3803 2670 3879 pro
2724 3772 2815 3863 ἇς
2863 3804 2986 3850 κεν

765 3907 914 3977 emo
967 3975 1062 4053 V.
1116 3977 1240 4053 25.
1292 3978 1704 4055 Incredibilis
1756 3989 1857 4055 est
1907 3982 2226 4084 editorum
2274 3981 2604 4076 socordia,
2656 3982 2775 4082 qui
2821 3975 2985 4078 quod

763 4109 988 4160 versus
1039 4108 1153 4158 eos
1208 4085 1320 4181 qui
1367 4083 1542 4157 hunc
1605 4093 1964 4182 sequuntur
2027 4085 2276 4182 primus
2311 4087 2415 4158 'ex
2443 4087 2711 4185 antiquo
2761 4081 2985 4158 codice

703 4183 708 4190 ’
759 4188 1107 4287 protulerit
1133 4185 1584 4281 Casaubonus,
1634 4188 1794 4262 licet
1815 4189 1913 4259 illi
1959 4195 2193 4289 postea
2236 4190 2482 4285 reperti
2530 4190 2662 4262 sint
2708 4188 2781 4260 in
2803 4208 2984 4260 com-

703 4303 704 4306 ’
763 4291 1056 4387 pluribus
1104 4291 1315 4386 libris,
1364 4292 1640 4365 lacunae
1695 4292 1880 4389 signo
1928 4315 1976 4364 a
2018 4288 2555 4389 praecedentibus
2581 4291 2982 4390 separarunt.

764 4391 1059 4467 Tantum
1110 4394 1320 4500 abest¹
1346 4396 1540 4470 enim.
1566 4402 1644 4469 ut
1693 4395 1864 4470 desit
1912 4395 2286 4496 quidquam,
2338 4403 2414 4468 ut
2454 4396 2844 4470 cohaereant
2887 4385 2981 4458 illi
