3275 5317
1214 468 1724 533 LchRG1A
1818 435 1824 441 ’
2503 472 2590 540 21

350 624 528 711 λέξις
579 622 776 724 τρία.
837 630 991 708 ἔστι
1040 629 1191 734 γὰρ
1241 628 1522 730 ψολόεν
1589 633 1723 728 (sic
1788 634 2200 713 scribendum
2263 661 2384 735 pro
2437 634 2587 736 ψό-

347 730 510 823 λον)
561 729 650 804 τὸ
702 732 984 827 μέλαν,
1036 733 1124 809 τὸ
1181 734 1645 824 σποὸοειὸἐς,
1696 736 1784 812 τὸ
1841 734 2214 836 λαμπρόν.
2332 740 2585 838 Εὐφο-

343 830 558 931 ρίων,
620 831 670 929 ’ἢ
721 841 1020 932 Αἴτνην
1071 834 1526 934 ψολόεσσαν,
1596 838 1943 917 ἕναύλιον
1997 841 2580 938 Ἀστεροπαίου·

344 936 469 1015 καὶ
520 939 661 1012 ἔτι·
718 940 985 1042 λιγνὺν
1038 938 1122 1041 δὲ
1173 937 1603 1042 ψολόεσσαν
1658 940 2066 1040 οἷϊὸνήεντά
2131 974 2211 1020 τε
2262 943 2580 1025 καπνόν.

342 1040 466 1114 καὶ
514 1039 894 1137 Αἰσχύλος
945 1045 1028 1121 ἐν
1077 1043 1540 1143 Βασσαρίσι·

641 1176 917 1283 κάρφει
968 1190 1265 1282 παλαιῷ
1315 1182 1774 1284 κᾶπιβωμίῳ
1824 1182 2066 1285 ψόλῳ,

641 1341 834 1391 arae
864 1318 1166 1415 fam'lla
1218 1330 1302 1394 et
1344 1331 1597 1395 vetere
1632 1321 1919 1422 paleae
1950 1321 2270 1418 fomite,

337 1450 631 1552 Κάρφει
677 1464 862 1530 recte
912 1458 1061 1531 edd.
1118 1456 1348 1533 Codex
1401 1457 1747 1558 σκάρφει.
1837 1453 2157 1535 ¹Meminit
2204 1460 2397 1533 huius
2447 1460 2580 1536 loci

336 1555 766 1633 Ruhnkenius
818 1561 902 1633 ad
950 1558 1242 1657 Longin.
1297 1588 1362 1637 c.
1420 1568 1494 1638 3.
1545 1564 1692 1638 init.
1727 1637 1734 1641 .

538 1660 906 1761 Hesychius
972 1672 1040 1737 et
1102 1661 1165 1736 F
1166 1667 1510 1739 avoriuusz
1576 1663 2009 1764 εἶλλόμενον
2021 1720 2047 1754 ,
2113 1663 2573 1769 εἰργόμενον.

336 1762 708 1862 Αἰσχύλος
757 1765 1208 1868 Βασσαρίσι.
1316 1767 1550 1844 Codex
1599 1769 1915 1869 Hesychii
1964 1765 2381 1869 Βάσσαρες.

931 1998 1966 2092 ΝΕΑΝΙΣΚοι

533 2179 633 2256 Si·
669 2182 751 2256 de
801 2182 1230 2257 Bassaridum
1262 2193 1646 2282 argumento
1681 2193 1865 2260 recte
1894 2184 2350 2278 iudicavimus,
2405 2209 2573 2258 con-

334 2285 648 2383 sequitur,
752 2311 920 2386 quae
985 2285 1430 2386 Apollodorus
1480 2298 1707 2362 narrat
1724 2341 1748 2381 ‚
1818 2313 1906 2362 ex
1956 2288 2102 2360 aliis
2167 2287 2570 2380 auctoribus,

333 2413 457 2461 non
525 2413 614 2461 ex
677 2387 1005 2487 Aeschylo
1071 2415 1218 2464 esse
1289 2399 1570 2490 sumpta.
1706 2390 1815 2465 Eo
1880 2392 2087 2488 magis
2151 2390 2571 2462 dubitandum
2721 2451 2726 2458 .

333 2500 455 2585 est,
508 2515 594 2564 an
643 2493 841 2565 etiam
887 2494 1218 2567 interitum
1267 2491 1566 2592 Lycurgi
1629 2493 1995 2592 Aeschylus
2062 2494 2258 2567 alium
2311 2492 2569 2586 fecerit,

328 2617 522 2692 quam
575 2620 767 2692 quem
833 2597 1002 2671 dixit
1062 2595 1534 2695 ApollodoruS.
1578 2605 1601 2628 ⁸
1662 2596 1806 2672 Sed
1871 2606 2090 2671 tamen
2139 2604 2216 2670 ut
2262 2620 2567 2694 poenam,

330 2717 521 2796 quam
571 2699 768 2772 luerit
831 2697 1178 2798 Lycurgus
1192 2753 1217 2794 ,
1285 2701 1482 2774 tertia
1547 2701 1848 2798 trilogiae
1912 2700 2134 2773 fabula
2203 2700 2569 2797 expositam

330 2800 695 2895 credamus,
747 2827 857 2875 res
905 2804 1054 2900 ipsa
1102 2803 1356 2876 videtur
1421 2804 1793 2877 admonere.
1912 2803 2300 2875 Traduntur
2349 2810 2567 2874 autem

326 2903 410 2975 de
476 2903 661 2976 exitu
724 2898 1020 3002 Lycurgi
1083 2906 1542 2980 diversissima.
1647 2904 2049 2979 Auctoribus
2116 2929 2158 2976 a
2207 2903 2565 3000 Salvagnio

328 3007 408 3079 ad
463 3003 691 3080 Ovidii
738 3006 885 3084 Ibin
937 3033 1000 3081 v.
1073 3011 1251 3082 347.
1321 3017 1388 3082 et
1456 3034 1498 3081 a
1562 3008 1891 3083 Munkero
1960 3008 2042 3080 ad
2120 3006 2364 3103 Hygini
2428 3006 2564 3080 fab.

328 3113 502 3183 242.
556 3112 930 3184 memoratis
982 3111 1313 3183 addendus
1362 3110 1642 3185 Nonnus
1685 3110 1969 3208 Dionys.
2020 3108 2230 3183 XXI.
2286 3135 2351 3184 v.
2392 3112 2563 3182 164«.

194 3259 201 3265 ·
327 3238 470 3311 sqq.
539 3213 651 3311 qui
712 3212 1004 3287 Homero
1070 3214 1240 3287 duce
1306 3216 1387 3287 ab
1453 3216 1613 3289 Iove
1681 3240 1831 3289 eum
1896 3238 2170 3287 caecum
2238 3213 2564 3286 redditum

324 3337 473 3389 esse
522 3316 814 3414 scripsit.
919 3314 1029 3388 Ab
1081 3318 1279 3416 equis
1317 3319 1702 3393 distractum
1754 3307 2174 3390 Welckerus'
2203 3316 2276 3387 in
2325 3315 2565 3389 Trilo-

324 3420 434 3517 gia
482 3445 555 3517 p.
611 3419 794 3494 325.
849 3418 1226 3494 devoratum
1277 3420 1512 3519 Zoega
1560 3423 1632 3493 in
1681 3420 2139 3493 dissertatione
2154 3471 2180 3512 ‚
2233 3442 2427 3518 quam
2479 3418 2563 3491 de

325 3546 404 3595 eo
471 3522 779 3621 scripsit,
847 3548 918 3620 p.
980 3527 1098 3596 16.
1165 3521 1381 3597 finxit.
1501 3522 1858 3622 Aliquanto
1923 3522 2301 3615 humanior,
2369 3545 2564 3618 quem

323 3625 419 3696 illi
469 3634 806 3699 auctorem
873 3625 1158 3699 habuere
1173 3679 1197 3719 ‚
1250 3624 1693 3725 Apollodorus
1709 3678 1735 3719 ‚
1813 3624 2276 3725 διαφθαρεὶς
2342 3625 2563 3697 dicere

325 3728 485 3801 satis
553 3728 765 3802 duxit.
884 3727 1042 3826 Ipse
1093 3754 1166 3801 se
1214 3723 1623 3803 interemisse
1676 3730 1892 3804 dictus
1946 3738 2049 3803 est
2115 3728 2377 3825 Hygino
2429 3726 2564 3799 fab.

327 3833 503 3903 242.
558 3830 785 3905 Saxeo
838 3856 1105 3905 carcere
1154 3833 1481 3905 inclusum
1535 3858 1682 3906 esse
1747 3833 2015 3931 scripsit
2070 3830 2440 3930 Sophocles
2490 3829 2562 3900 in

326 3930 684 4031 Antigona,
734 3935 849 4007 uhi
896 3933 982 4007 ad
1031 3959 1097 4009 v.
1150 3935 1327 4010 955.
1380 3937 1747 4010 Triclinius
1789 3961 1989 4035 quum
2038 3936 2191 4029 alia,
2242 3942 2383 4007 tum
2430 3932 2557 4005 hoc

325 4035 694 4111 adnotayitz
748 4038 981 4134 ἕτεροι
1033 4036 1125 4114 δέ
1169 4064 1408 4139 φασιν
1460 4039 1563 4124 ὥς
1613 4036 1977 4139 λαβόντες
2008 4036 2246 4114 αὐτὸν
2297 4036 2369 4111 οἱ
2417 4062 2558 4109 πο-

326 4139 563 4235 λέμιοι
614 4140 1237 4239 συμποὸισθέντα
1285 4142 1414 4219 καὶ
1458 4148 1568 4247 εἰς
1619 4145 1906 4241 ἄντρον
1955 4136 2409 4241 ἐμβαλόντες
2430 4137 2560 4213 καὶ

324 4241 466 4339 τὴν
515 4243 803 4328 ε’ίςοὸον
851 4243 1270 4332 κλείσαντες
1320 4244 1939 4351 ἐλιμαγχόνησαν.
2056 4243 2152 4316 Hi
2199 4243 2422 4316 hostes
2471 4243 2557 4335 si,

326 4354 405 4419 ut
455 4344 814 4422 Welckero
862 4347 1072 4422 visum
1088 4401 1115 4442 ,
1180 4350 1436 4425 Bacchi
1486 4350 1818 4423 exercitus
1868 4349 2168 4440 fuerunt,
2234 4346 2396 4419 illud
2447 4354 2558 4419 taq-

330 4471 483 4521 men
530 4474 757 4527 vereor
805 4459 882 4527 ut
932 4452 1118 4527 multi
1168 4453 1549 4556 persuaden'
1578 4450 1721 4526 sibi·
1753 4452 2111 4553 patiantur,
2165 4475 2329 4551 quos
2380 4477 2554 4527 νεα-
