3275 5317
711 488 799 557 ⁷6
1213 490 1334 553 DE
1376 483 2462 553 INTERPOLATIONIBVS‘

709 650 944 750 Neque
1019 650 1192 726 enim
1265 650 1579 745 mirarer,
1624 650 1719 724 'si
1792 649 2077 725 omnium
2160 674 2325 750 quae
2405 648 2564 723 mibi
2640 649 2947 750 opposuit
2993 733 2994 738 ,

708 752 1090 829 Nitzscbius
1139 754 1589 853 gravissimum
1637 753 1801 828 illud
1851 778 1997 828 esse
2059 752 2460 828 iudicaretur
2471 806 2498 848 ,
2571 753 2746 851 quod
2783 755 2945 826 ‘non

710 866 895 932 recte
920 857 1193 931 dixerim
1220 857 1616 933 conticuisse
1642 856 1873 957 poesin
1900 856 2157 957 epicam
2180 864 2334 955 post
2353 855 2739 953 Homerum,
2791 857 2945 930 lon-

709 984 925 1059 goque
986 960 1331 1035 intervallo
1378 969 1756 1034 renovatam
1822 983 1969 1033 esse
2020 982 2063 1032 a
2111 959 2402 1056 cyclicis.
2504 957 2680 1032 Nam
2728 981 2943 1059 neque

711 1087 953 1138 caussa
995 1064 1174 1137 illius
1223 1063 1468 1139 silentii
1517 1070 1624 1137 sat
1670 1062 1890 1161 gravis
1938 1062 2194 1136 videtur
2238 1061 2515 1154 inveniri
2562 1086 2761 1161 posse
2776 1114 2803 1156 ,
2877 1070 2947 1136 et

709 1191 1075 1268 repugnare
1139 1167 1349 1242 omnis
1414 1165 1691 1240 aliorum
1753 1165 2164 1240 inventorum
2230 1166 2631 1264 comparatio
2647 1217 2674 1259 ,
2745 1190 2947 1264 quum

707 1271 886 1345 omni
933 1270 1005 1342 in
1049 1269 1414 1344 litterarum
1463 1269 1828 1367 artiumque
1875 1293 2140 1366 genere,
2192 1268 2466 1341 simulac
2514 1267 2768 1366 signum
2811 1269 2947 1340 da'-

705 1382 848 1447 tum
897 1380 1002 1447 est
1048 1372 1267 1470 aliquo
1319 1372 1562 1447 eximio
1613 1372 1940 1471 exemplo,
1989 1372 2221 1469 ingens
2271 1371 2599 1445 excitetur
2644 1370 2944 1445 imitandi

707 1484 906 1577 atque
956 1475 1323 1550 aemulandi
1371 1476 1683 1570 studium,
1734 1475 2242 1575 exorianturque
2303 1473 2566 1573 plurimi
2581 1525 2606 1568 ,
2677 1473 2790 1573 qui
2838 1473 2946 1547 vi-

704 1578 878 1653 rium
927 1602 1193 1652 suarum
1244 1577 1471 1652 eodem
1520 1578 1592 1650 iu
1656 1603 1895 1676 genere
1958 1578 2325 1677 perieulum
2385 1574 2659 1650 faciant.
2760 1573 2943 1649 Esse

706 1682 806 1756 ita
871 1681 1120 1756 fateor:
1198 1681 1891 1781 persuasissimumque
1964 1681 2171 1755 habeo
2188 1733 2215 1775 ,
2278 1704 2411 1754 uno
2494 1680 2669 1754 edito
2742 1680 2944 1776 longo

706 1792 1008 1885 poemate
1083 1784 1274 1884 epico
1287 1837 1317 1879 ,
1393 1784 1573 1868 breyi
1637 1792 1934 1884 tempore
1999 1784 2314 1881 consequi
2387 1781 2687 1856 debuisse
2737 1782 2948 1855 multa

666 1888 880 1961 aliae
943 1887 1062 1961 sed
1136 1887 1251 1986 qui
1322 1895 1523 1987 poeta
1597 1888 1848 1987 primus
1916 1884 2285 1985 promissi
2352 1883 2721 1958 carminis
2796 1907 2945 1956 aas·

708 2000 897 2074 'otor
943 1990 1143 2064 fuerit
1154 2042 1181 2084 ,
1232 1991 1457 2064 nescio
1474 2041 1501 2083 ,
1553 2015 1680 2064 nec
1729 1990 1902 2063 scire
1953 1989 2189 2089 opinor
2236 1988 2426 2062 alios.
2527 1985 2721 2085 Nego
2789 2003 2944 2061 vero

703 2093 1066 2169 Homerum
1079 2144 1106 2189 ,
1169 2117 1340 2189 nego
1388 2092 1755 2165 Hesiodum
1814 2091 2043 2163 fuisse.
2158 2089 2437 2165 Hesiodi
2503 2090 2762 2189 quidem
2810 2113 2946 2165 non

707 2222 939 2272 vereor
1011 2220 1099 2269 ne
1173 2196 1319 2293 quis
1396 2195 1692 2269 obvertat
1763 2193 1881 2266 illa
1947 2194 2266 2290 quaedam
2343 2216 2513 2293 quae
2576 2192 2640 2266 ei
2700 2193 2948 2267 tributa

595 2348 609 2371 x
709 2307 864 2373 sunt
923 2298 1224 2396 longiora
1287 2297 1615 2371 carmina:
1696 2295 2059 2370 Homerum
2138 2303 2357 2370 autem
2418 2295 2565 2394 ipse
2623 2295 2709 2369 iis
2773 2319 2945 2394 quae

709 2402 1041 2501 disputata
1089 2408 1242 2475 sunt
1287 2400 1513 2473 videor
1559 2400 1937 2474 removisse.
2038 2397 2138 2473 Et
2184 2406 2443 2492 tamen,
2493 2400 2555 2471 si
2602 2423 2737 2472 non
2782 2398 2945 2472 illo·

552 2534 594 2566 ·-
707 2529 856 2579 rum
904 2503 1138 2604 aliquis
1189 2502 1303 2601 qui
1349 2503 1553 2577 multo
1602 2510 1758 2601 post
1804 2503 2166 2575 Homerum
2213 2502 2557 2595 vixerunt,
2625 2510 2741 2576 aut
2787 2500 2945 2576 Ho-

707 2631 928 2681 merus
974 2608 1090 2681 ille
1136 2607 1286 2698 fuit,
1339 2614 1454 2679 aut
1501 2607 1744 2678 nullus.
1844 2603 2030 2678 Nihil
2077 2606 2308 2680 horum
2351 2613 2477 2698 est,
2521 2605 2696 2704 quod
2742 2617 2946 2704 pror-

709 2719 837 2784 sus'
873 2711 964 2785 sit
1009 2709 1416 2785 incredibile.
1516 2707 1693 2782 Nam
1743 2708 1803 2781 si
1849 2709 2286 2783 recentiorum
2332 2708 2617 2806 cuipiam
2641 2707 2946 2781 tribuen-

709 2813 796 2914 da
845 2822 948 2888 est
993 2814 1185 2887 huius
1216 2825 1217 2828 ’
1248 2813 1493 2888 inventi
1539 2813 1725 2886 laus:
1777 2816 1909 2887 non
1975 2820 2078 2886 est
2146 2811 2510 2885 mirandum
2573 2812 2633 2883 si
2693 2810 2947 2885 interiit

710 2919 1025 2993 memoria
1071 2918 1173 2992 rei
1220 2941 1451 3018 parum
1502 2916 1974 2990 memorabilis:
2029 2916 2345 3016 siquidem
2395 2939 2530 2989 non
2579 2913 2943 2988 carminum

707 3022 1136 3121 longitudine,
1187 3021 1307 3095 sed
1354 3021 1756 3120 praestantia
1801 3020 2045 3117 ingenii
2095 3027 2400 3094 censetur
2446 3017 2658 3115 gloria
2704 3025 2947 3116 poeta·-

709 3151 881 3200 rum.
981 3125 1308 3198 Homerus
1360 3132 1579 3197 autem
1629 3123 1690 3196 si
1737 3125 1986 3222 primus
2050 3121 2383 3195 habendus
2434 3129 2574 3213 est,
2627 3121 2740 3218 qui
2786 3120 2944 3193 lon-

709 3252 866 3327 gum
913 3250 1149 3325 poema
1198 3226 1673 3324 composuerit:
1727 3226 2017 3300 carmina
2066 3225 2247 3318 eius,
2301 3224 2361 3296 si
2409 3232 2636 3297 nostra
2685 3222 2767 3295 de
2818 3241 2943 3296 eo-

711 3341 885 3403 rum·
909 3329 1157 3426 origine
1206 3326 1527 3403 sententia
1573 3352 1732 3401 vera
1780 3335 1906 3421 est,
1958 3335 2097 3400 tum
2136 3328 2416 3426 primum
2465 3351 2508 3398 a
2557 3325 2978 3423 quibusdam·

712 3441 939 3507 eoru'm
990 3432 1448 3506 collectoribus
1497 3431 1567 3503 in
1615 3430 1783 3505 haec
1833 3431 1962 3504 duo
2028 3454 2309 3529 corpora
2375 3430 2726 3504 coniuncta
2787 3429 2943 3501 fue-

712 3537 846 3610 rint
893 3543 1191 3635 oportet,
1260 3559 1457 3633 quum
1505 3533 1729 3632 paullo
1777 3541 1933 3632 post
1983 3534 2237 3608 exstitit
2283 3534 2410 3607 hoc
2461 3532 2760 3629 exemplo
2812 3556 2942 3604 ex·-

713 3639 917 3712 citata
977 3638 1417 3712 recentiorum
1482 3637 1818 3737 epicorum
1882 3637 2252 3712 multitudo.
2306 3644 2319 3655 ‘
2383 3634 2689 3733 Denique
2751 3659 2938 3729 vero,

713 3739 773 3814 si
824 3741 1039 3813 nullus
1090 3741 1249 3834 fuit,
1334 3740 1446 3838 qui
1506 3741 1652 3813 iure
1703 3740 1836 3814 dici
1883 3741 2094 3838 possit
2141 3741 2390 3839 primus
2454 3739 2721 3836 longum
2768 3761 2942 3836 poe-

711 3867 821 3917 ma
867 3844 1131 3937 fecisse,
1183 3869 1267 3917 ne
1316 3843 1444 3918 hoc
1496 3843 1754 3940 quidem
1802 3845 2054 3917 ratione
2105 3851 2327 3936 caret,
2392 3865 2589 3940 qumn
2640 3866 2728 3914 ex
2776 3864 2944 3939 par-

709 3947 810 4020 vis
873 3954 943 4021 et
999 3948 1174 4019 intra
1250 3961 1466 4045 pauca
1528 3970 1830 4019 versuum
1893 3947 2098 4019 millia
2160 3945 2479 4020 stantibus
2543 3943 2942 4018 carminibus

708 4047 1046 4150 paullatim
1109 4050 1192 4123 ad
1242 4050 1551 4122 maiorem
1616 4049 1924 4122 ambitum
1985 4048 2293 4148 progredi
2340 4056 2681 4148 poetarum
2730 4071 2942 4121 cona-

639 4237 643 4243 ‚
707 4163 817 4225 tus
865 4154 1218 4252 potuerint.
1320 4151 1653 4251 Quidquid
1699 4153 1930 4225 horum
1979 4177 2203 4226 verum
2249 4176 2397 4225 esse
2431 4158 2778 4242 statuatur,
2829 4173 2942 4222 res

717 4255 946 4329 eodem
995 4257 1190 4351 redit,
1241 4262 1317 4331 ut
1365 4280 1576 4354 neque
1627 4249 1893 4330 claritas
1941 4255 2240 4350 Homeri,
2292 4279 2502 4354 neque
2552 4251 2940 4345 auctoritas,

618 4361 928 4457 24neque
975 4359 1177 4454 illud,
1247 4361 1419 4459 quod
1482 4384 1615 4433 non
1680 4357 1811 4431 alia
1876 4359 1959 4432 de
2005 4359 2200 4432 rebus
2266 4357 2580 4433 Troianis
2647 4355 2944 4429 carmina

711 4463 855 4563 pari
918 4461 1316 4561 antiquitatis
1384 4465 1560 4537 fama
1635 4463 2096 4558 innotuerunt,
2174 4462 2335 4536 satis
2412 4457 2729 4561 explicari
2806 4458 2940 4531 alio
