3275 5317
723 464 854 536 3⁰⁶
1613 468 1841 540 QVID
1885 469 2043 531 SIT

724 655 972 704 surum.
1076 627 1278 728 Apud
1326 626 1752 728 Apollonium
1816 629 1880 705 Ι.
1934 596 2112 704 699.
2163 636 2460 703 suaserat
2508 627 2766 726 Polyxo
2818 651 2973 701 mur-³

720 734 990 807 lieribus
1037 730 1365 826 Lemniis,
1415 741 1490 807 ut
1517 734 1732 810 suboli
1773 734 2220 834 procreandae
2252 733 2704 832 prospicerent
2722 756 2745 802 ε
2800 756 2974 832 quae

723 845 1067 936 postquam
1116 836 1470 936 peroravit,
1523 838 1623 911 sic
1675 839 1903 912 scribit
1951 834 2383 936 Apollonius:

928 973 1032 1059 ὥς
1083 968 1340 1073 ἔφατ’·
1394 976 1476 1051 ἐν
1525 972 1610 1049 δ’
1665 973 1905 1079 ἀγορὴ
1954 981 2185 1069 πλῆτο
2214 969 2488 1074 θρόου.
2544 972 2768 1050 εὔαδε
2815 969 2975 1082 γάρ

927 1182 1205 1278 μῦθος.
1276 1179 1472 1282 ἀτὰρ
1515 1178 1728 1280 ,μετὰ
1793 1175 1936 1278 τήν
1956 1102 2144 1311 (3)th
2187 1178 2671 1280 παρασχεδὸν
2757 1148 2976 1264 αὖτις

920 1384 1318 1489 Ὑψιπύλη,
1369 1385 1500 1464 καὶ
1546 1392 1759 1463 τοῖον
1806 1311 2258 1486 &angl-'5555
2303 1387 2476 1470 ἔπος
2524 1383 2771 1481 ηὔδα·

930 1497 997 1565 εὶ
1046 1489 1191 1589 μὲν
1241 1489 1338 1586 δὴ
1389 1488 1723 1587 πάσῃσιν
1774 1488 2187 1590 ἐφανδάνει
2233 1488 2366 1586 ἥδε
2415 1486 2753 1586 μενοινή,
2806 1511 2870 1593 ⁸·

928 1592 1074 1691 ἤδη
1127 1621 1257 1670 κεν
1306 1593 1499 1693 μετὰ
1550 1602 1700 1694 νῆα
1750 1593 1880 1669 καὶ
1930 1595 2253 1698 ἄγγελον
2305 1590 2730 1693 ὅτρύναιμιι

726 1730 864 1806 Vbi
887 1732 997 1806 bic
1049 1742 1162 1806 aut
1205 1735 1598 1836 interrupta,
1653 1739 1768 1806 aut
1798 1740 2111 1831 suscepta
2135 1731 2374 1823 oratio,
2403 1738 2549 1824 aut,
2576 1730 2754 1830 quod
2787 1755 2974 1804 som-

727 1836 930 1910 niavit
994 1837 1418 1931 scholiastes,
1506 1836 1912 1911 clandestina
1991 1828 2338 1909 assensio?
2453 1832 2707 1928 Immo,
2777 1859 2980 1933 quum

726 1964 859 2012 non
911 1940 1155 2014 diserte
1206 1941 1448 2014 dixerit
1497 1938 1780 2036 Polyxo,
1833 1940 2258 2016 arcessendos
2311 1963 2461 2011 esse
2523 1935 2979 2036 Argonautas,

604 2122 609 2126 ,
726 2042 1109 2145 Hypsipyle,
1166 2068 1407 2141 cupere
1457 2043 1528 2117 id
1576 2044 1803 2117 videns
1831 2044 2163 2136 mulieres,
2214 2041 2588 2134 intercedit,
2639 2042 2979 2139 apertius-

725 2170 852 2244 que
905 2147 1230 2244 eloquitur
1278 2147 1444 2221 illud
1509 2148 1852 2221 consilium
1869 2199 1898 2239 ,
1949 2171 2031 2220 ac
2101 2147 2321 2219 statim
2385 2145 2568 2220 iubet
2630 2140 2998 2243 Iphinoam'

726 2248 1050 2322 advocare
1101 2250 1409 2323 advenas.
1512 2246 1717 2348 Apud
1768 2249 2064 2323 eumdem
2115 2257 2376 2347 poetam
2439 2248 2512 2320 in
2559 2248 2756 2321 tertio
2807 2247 2978 2319 libro

727 2377 926 2452 quum
975 2353 1217 2425 iratum
1266 2350 1549 2426 Aeetam
1597 2353 1865 2449 placare
1914 2353 2140 2425 voleus
2190 2351 2345 2425 Iaso
2390 2376 2581 2450 opem
2614 2348 2979 2448 Argonau-

727 2454 1304 2631 tarlggfiadversus
1354 2456 1578 2528 hostes
1627 2455 1772 2531 eius
1821 2455 2267 2555 promisisset,
2336 2454 2437 2530 sic
2504 2454 2825 2556 scriptum
2877 2459 2978 2527 est

725 2582 789 2631 ν.
1000 2607 1024 2630 .
2954 2571 2965 2590 ’

2208 2701 2368 2773 τοῖο
2422 2692 2507 2772 δὲ
2559 2694 2824 2792 θυμὸς

936 2796 1358 2896 διχθαδίην
1407 2796 1806 2899 πόρφυρεν
1855 2797 1970 2876 ἐνὶ
2021 2795 2385 2894 στήθεσσι
2433 2795 2821 2897 μενοινήν,

936 2902 986 2999 ἢ
1040 2904 1274 3003 σφέας
1327 2900 1692 2999 ὁρμηθεὶς
1745 2902 2211 2999 αὐτοσχεδὸν
2263 2902 2694 3002 ἐξεναρίζοι,

932 3006 982 3102 ἢ
1036 3006 1163 3109 ὅγε
1214 3004 1644 3105 πειρήσαιτο
1695 3006 1909 3106 βίης·
1959 3003 2075 3083 τό.
2101 3009 2174 3084 οἱ
2224 3008 2449 3086 εἴσατ’
2507 3008 2766 3106 ἄρειον

940 3109 1433 3210 φραζομένῳ·
1503 3110 1633 3190 καὶ
1701 3107 1798 3207 δή
1847 3139 1987 3209 μιν
2035 3107 2481 3211 ὑποβλήδην
2530 3110 2973 3210 προςέειπεν.

730 3261 890 3337 Νοιι
939 3263 1149 3359 magis
1197 3263 1307 3336 bic
1322 3315 1348 3356 ,
1419 3288 1613 3362 quam
1678 3264 1751 3336 in
1801 3288 1880 3338 eo
1934 3265 2015 3337 de
2067 3290 2196 3362 quo
2250 3273 2402 3338 ante
2467 3264 2751 3337 diximus
2801 3264 2978 3358 loco,

732 3366 1187 3465 interpellatae
1274 3368 1589 3440 orationis
1658 3366 1865 3439 ullum
1931 3367 2279 3464 vestigium
2329 3374 2433 3440 est
2444 3419 2472 3460 ,
2555 3374 2625 3440 et
2687 3392 2772 3440 ne
2826 3392 2977 3440 sus-

735 3478 967 3570 ceptae
1019 3469 1316 3568 quidem:
1372 3469 1688 3548 deliberat
1739 3470 1912 3544 enim
1960 3467 2246 3564 Aeetes,
2296 3471 2678 3572 priusquam
2739 3470 2981 3569 loqua-

730 3582 877 3647 tur:
932 3599 1013 3647 ac
1070 3582 1208 3646 tum
1262 3573 1544 3668 demum,
1599 3574 1857 3647 abiecto
1925 3573 2266 3647 occidendi
2316 3574 2630 3661 consilio,
2696 3574 2794 3646 ita
2860 3598 2981 3647 oc-

732 3677 941 3750 currit
988 3675 1238 3769 Iasoni,
1290 3686 1372 3754 ut‘
1417 3702 1574 3751 eum.
1613 3677 1975 3773 ignivomos
2026 3685 2251 3752 tauros
2299 3685 2517 3756 aratro
2549 3678 2822 3774 iungere
2873 3676 2982 3749 iu-

730 3779 907 3853 beat.
969 3872 974 3876 ⁸
1015 3780 1212 3872 Quod
1262 3779 1324 3852 si
1368 3780 1455 3873 is,
1511 3781 1622 3879 qui
1671 3788 1825 3880 post
1867 3782 2142 3856 alterum
2172 3782 2485 3879 loquitur,
2537 3775 2981 3879 ὑποβλήδην

733 3883 934 3956 verba
995 3884 1218 3958 facere
1282 3883 1656 3977 diceretur,
1721 3884 2083 3960 mirandum
2152 3886 2451 3982 profecto
2520 3892 2739 3978 esset,
2809 3881 2981 3983 quod

732 3994 870 4060 tam
921 4011 1073 4060 raro
1127 4011 1206 4059 eo
1257 3988 1454 4060 verbo
1506 3990 1610 4060 usi
1662 3995 1882 4061 essent
1932 3988 2128 4087 epici.
2230 3987 2313 4061 In
2344 3987 2572 4061 eodem
2622 3988 2790 4060 libro
2823 3988 2981 4060 Me-

737 4089 885 4184 dea,
940 4091 1239 4182 discessu
1288 4088 1571 4185 IasoniS,
1628 4092 1816 4164 cuius
1870 4116 2159 4168 amorem
2209 4091 2345 4166 iam
2391 4091 2800 4166 dissimulare
2851 4114 2977 4162 non

735 4201 975 4289 potest,
1031 4194 1297 4287 dolens,
1353 4202 1537 4294 optat
1586 4201 1663 4268 ut
1709 4219 2035 4294 praesens.
2075 4194 2139 4267 ei
2180 4194 2449 4270 adstare
2497 4194 2734 4295 possit,
2788 4194 2846 4267 si
2878 4191 2977 4266 sui

738 4295 1180 4372 obliviscatur.
1284 4295 1391 4370 Ibi
1437 4306 1636 4397 poeta
1693 4324 1754 4371 v.
1816 4304 1851 4371 l
1869 4301 2038 4372 118.

947 4448 1047 4534 ὥς
1099 4452 1218 4553 ἄρ’
1274 4454 1414 4553 ἔφη
1468 4451 1747 4534 ἐλεεινὰ
1796 4454 2415 4556 καταπροχέουσα
2464 4462 2798 4555 παρειῶν
