3275 5317
686 452 818 523 828
1239 455 1820 521 INDICENDIS
1864 455 2389 529 ExsEQvns

688 619 1018 691 reluctans
1066 618 1441 716 praefectus
1504 627 1608 693 est
1672 615 2043 715 Vegesacci
2105 619 2337 693 tertiae
2402 617 2634 692 classis
2698 618 2924 717 inspe-

690 729 838 795 ctor
886 722 1231 819 aggeribus
1283 747 1492 820 aquae
1543 723 1969 816 coercendae,
2035 745 2115 795 ea
2174 723 2320 819 lege
2338 776 2366 810 ,
2417 730 2493 794 ut
2541 722 2736 793 simul
2802 721 2928 794 ad·-

689 824 900 899 hiberi
948 833 1175 923 posset
1222 826 1530 923 regundis
1581 827 1887 923 operibus
1942 826 2225 918 canalis,
2279 850 2406 922 quo
2474 824 2748 897 Rhenus
2815 849 2932 897 es-

691 936 795 1002 set
846 953 994 1001 cum
1046 929 1214 1006 mari
1259 928 1522 1003 Baltico
1553 928 2063 1025 coniungendas.
2093 965 2101 976 ¹
2137 924 2500 1002 ⁸Salarium
2547 928 2640 999 ibi
2689 928 2755 999 ei
2805 927 2932 999 da·-

688 1038 829 1105 tum
878 1029 1211 1105 MDCCC
1262 1029 1695 1125 Francorum,
1763 1056 1890 1129 quo
1938 1033 2085 1130 ipso
2137 1055 2333 1129 quum
2387 1032 2450 1104 ei
2496 1029 2683 1129 peius
2737 1031 2934 1129 quam

691 1142 888 1207 antea
938 1135 1306 1212 consultum
1356 1144 1532 1209 esset
1546 1188 1572 1228 ,
1626 1135 1983 1209 accedebat
2031 1142 2243 1207 metus
2260 1186 2287 1228 ,
2351 1159 2436 1207 ne
2487 1134 2751 1232 saepius
2805 1132 2933 1206 do-

691 1262 799 1317 mo
851 1237 1079 1311 abesse
1128 1238 1486 1331 iuberetur,
1539 1247 2007 1337 praetereaque
2041 1245 2271 1311 contra
2296 1237 2692 1311 voluntatem
2743 1259 2936 1308 suam
2978 1289 2985 1296 ι

691 1349 1039 1436 cogeretur
1087 1340 1283 1414 fidem
1333 1342 1711 1439 imperatori
1761 1338 2109 1415 Gallorum
2155 1341 2398 1413 iurare.
2500 1337 2662 1412 Fuit
2710 1348 2933 1412 autem

689 1443 856 1520 haec
908 1445 1246 1518 conversio
1297 1444 1597 1518 fortunae
1650 1469 1729 1517 eo
1760 1445 2071 1537 atrocior,
2126 1443 2301 1540 quod
2333 1443 2723 1540 simulatque
2752 1445 2932 1540 nun-
2983 1528 2989 1533 .

691 1547 864 1622 cium
918 1546 999 1622 de
1050 1571 1343 1640 munere,
1398 1548 1573 1644 quod
1623 1547 1687 1620 ei
1736 1547 2111 1620 mandatum
2164 1555 2377 1639 esset,
2432 1546 2730 1643 accepit,
2786 1545 2931 1617 dis-

689 1649 925 1723 cedere
977 1650 1195 1744 domo,
1251 1662 1444 1749 quam
1505 1650 1631 1723 sibi
1695 1648 2108 1723 Eckwardae
2172 1657 2626 1742 exstruxerat,
2696 1647 2949 1722 relicta·

687 1752 934 1830 familia
971 1762 1253 1840 ‚coactus
1305 1762 1430 1847 est,
1477 1778 1612 1851 qno
1666 1753 1837 1850 viam
1898 1753 2348 1849 Hambnrgum
2398 1753 2587 1825 'inter
2635 1758 2703 1824 et
2752 1750 2933 1822 Bre-

685 1880 863 1935 mam
913 1856 995 1932 ad
1042 1857 1328 1936 libellam
1378 1857 1696 1953 exigeret.
1801 1853 1976 1929 Nec·
2013 1881 2272 1934 rursum
2340 1856 2501 1929 vidit
2560 1854 2741 1926 illam
2804 1854 2933 1927 do-

688 1983 903 2034 mum:
945 1953 1131 2041 'uxor
1181 1983 1327 2039 eum
1379 1960 1593 2034 medio
1647 1960 1854 2033 altero
1901 1983 2124 2038 mense
2188 1966 2464 2057 sequuta
2528 1966 2665 2043 est,
2697 1954 2933 2053 Vege-

688 2085 983 2142 eaccum.
1086 2061 1284 2156 lllud,
1339 2063 1511 2161 quod
1560 2063 1652 2134 ibi
1706 2063 1878 2158 egit,
1930 2063 2103 2135 vitae
2152 2069 2410 2159 tempus
2461 2061 2525 2134 ei
2562 2060 2931 2134 ‚acerbissi-

690 2190 869 2237 mum
920 2174 989 2239 et
1036 2167 1659 2264 periculosissimum
1682 2235 1685 2236 f
1708 2166 1857 2238 fuit.
1963 2164 2362 2238 Timendum
2429 2172 2573 2237 erat
2623 2164 2795 2238 enim
2847 2187 2932 2235 ne

691 2269 797 2348 vel
871 2269 943 2340 in
1014 2269 1188 2342 vitae
1266 2270 1622 2342 discrimen·
1691 2268 2054 2361 incideret,
2132 2276 2208 2340 ut
2285 2267 2398 2364 qui
2472 2274 2542 2340 et
2592 2266 2932 2342 deditissi-

689 2396 837 2443 mus
913 2380 1090 2446 esset
1155 2372 1309 2450 duci
1377 2369 1871 2468 Oldenburgico
1887 2422 1912 2463 ,
1981 2378 2049 2442 et
2112 2378 2487 2444 constanter
2537 2369 2933 2443 detrectaret

690 2472 885 2546 fidem
934 2475 1313 2571 promittere
1361 2475 1743 2572 imperatori
1795 2471 2163 2552 Gallorum.
2284 2471 2428 2555 Sed
2492 2472 2736 2549 affulsit
2784 2472 2929 2565 lux,

692 2600 860 2674 quae
923 2576 1043 2656 has
1113 2577 1415 2656 tenebras
1482 2577 1862 2658 discuteret.
1983 2573 2158 2654 Nam
2235 2601 2460 2656 meuse
2521 2575 2707 2652 Maio
2776 2575 2931 2652 anni

689 2677 1159 2757 MDCCCXI.
1210 2681 1461 2757 litteras
1512 2681 1594 2753 ab
1661 2678 1986 2763 Siivernio
2000 2732 2026 2772 ‚
2079 2679 2191 2776 qui
2253 2679 2429 2777 Regi
2491 2678 2931 2756 Borussorum

693 2806 736 2863 a
786 2783 1078 2865 consiliis
1127 2784 1316 2896 regni
1364 2784 1640 2881 regundi
1692 2791 1858 2876 erat,
1911 2783 2169 2881 accepit
2181 2833 2207 2874 ,
2277 2782 2507 2880 quibus
2557 2781 2669 2853 ille
2721 2806 2931 2879 quae-

690 2887 917 2980 rebat,
971 2888 1248 2964 velletne
1262 2933 1288 2980 ,
1358 2913 1552 2986 quum
1621 2884 2196 2966 Francofurtensis
2257 2883 2622 2958 Academia
2669 2883 2931 2957 Vratisq

691 2990 930 3071 laviam
980 2992 1468 3083 transferretur,
1521 2991 1660 3070 illic
1708 2989 2179 3088 professionem
2245 2989 2709 3066 mathematum
2779 3013 2930 3061 cum

693 3093 934 3176 salario
983 3089 1239 3172 DCCC
1261 3092 1809 3174 Ioachimicorum
1854 3092 2213 3194 suscipere.
2318 3089 2734 3188 Cognoverat
2760 3092 2931 3166 enim
3044 3129 3051 3134 ·

693 3193 1056 3280 Siivernius
1108 3221 1195 3269 ex
1246 3198 1509 3294 seriptis
1559 3196 1931 3289 Brandesii,
1981 3194 2445 3315 potissimeque
2498 3219 2583 3267 ex
2621 3195 2754 3266 illis
2786 3191 2933 3293 epi-

695 3297 881 3375 stolis
932 3299 1412 3392 astronomicis,
1466 3323 1660 3395 quam
1712 3300 2018 3400 eximiam
2067 3298 2179 3370 ille
2228 3299 2384 3385 bom
2447 3296 2737 3375 doctoris
2805 3323 2929 3370 ex-

697 3399 1148 3499 spectationen
1226 3400 1615 3484 ostenderet.
1770 3400 2090 3482 Libenter
2171 3408 2448 3499 accepta
2529 3401 2927 3495 conditione,

615 3593 619 3597 ι
695 3505 1159 3603 concessisque
1251 3506 1315 3584 ei
1389 3504 1459 3582 D
1535 3502 1954 3584 Ioachimieis
2044 3504 2129 3587 ad
2215 3504 2545 3601 impensas
2634 3504 2889 3581 itineris
2902 3557 2927 3598 ,

691 3606 1063 3704 impetravit
1142 3608 1517 3695 missionem
1622 3631 1666 3688 a
1753 3604 1970 3689 Gallis
1986 3659 2012 3700 ‚
2116 3608 2462 3705 statimque
2550 3607 2888 3704 profectus
2902 3659 2929 3701 ,

695 3732 894 3807 quum
966 3711 1036 3782 in
1112 3712 1346 3785 itinere
1432 3708 1738 3808 Lipsiam
1815 3708 2115 3803 visisset,
2215 3710 2328 3781 ubi
2408 3710 2663 3783 interea
2738 3735 2932 3786 socer

694 3813 837 3892 eius
913 3806 1288 3911 perfugium
1328 3816 1703 3907 invenerat,
1768 3813 2231 3894 Vratislaviam
2281 3837 2355 3888 se
2406 3812 2702 3886 contulit.
2829 3812 2934 3886 Ibi

694 3916 924 4000 eodem
1005 3931 1183 3999 auno
1243 3927 1506 4000 auctum
1575 3918 1639 3994 ei
1708 3917 1793 3997 ad
1855 3915 2058 3997 MCC
2122 3914 2560 3997 Ioachimicos
2642 3924 2746 3990 est
2812 3940 2929 3988 sa·-

692 4017 926 4098 larium
941 4073 968 4115 ,
1036 4022 1188 4101 dato
1260 4046 1527 4103 munere
1589 4020 1875 4117 gratuito
1943 4018 2579 4117 quadringentorum.
2696 4017 2931 4117 Itaque

694 4143 864 4204 anno
944 4126 1290 4223 insequuto
1354 4125 1666 4201 honorem
1734 4124 2034 4206 doctoris
2097 4122 2543 4220 philosophiae
2626 4121 2928 4220 adeptuS,

669 4228 915 4303 statim
981 4252 1217 4324 magno
1287 4252 1438 4309 cum
1518 4227 1840 4325 applausu
1918 4225 2389 4323 professionem
2466 4224 2929 4298 mathematum

693 4329 1028 4423 ingressus
1121 4340 1263 4424 est,
1342 4330 1660 4427 simulque
1734 4330 1805 4400 in
1885 4328 2155 4425 specula
2255 4328 2696 4404 astronomica
2781 4352 2928 4402 sese

552 4422 596 4487 '.
696 4431 1012 4515 sideribus
1080 4433 1498 4516 observandis
1565 4433 1886 4515 exercuit,
2003 4430 2103 4514 Ibi
2170 4431 2433 4513 tertium
2500 4439 2927 4539 quartumque
