3275 5317
746 449 839 521 82
1354 483 1381 500 ι
1632 445 2083 512 scnoLAE

754 616 917 708 lion,
970 607 1146 712 qnod
1194 609 1294 684 sic
1343 606 1796 685 scribendum⁶
1845 607 2038 686 κατὰ
2092 606 2580 709 ἅντίφρασιν,
2629 606 2806 686 ἀντὶ
2841 618 2979 687 τοῦ

756 713 1228 814 ὃιεκεράσατε
1245 763 1269 801 ‚
1350 722 1643 812 μᾶλλον
1722 710 2162 812 ἐμεθύσατε.
2228 710 2286 808 ἢ
2344 714 2986 812 ἀποκαλυφθῆναι

760 817 1168 916 ἐποιήσατε.
1234 849 1280 914 η
1354 813 1794 922 ἐπηγάσατε.
1926 816 2206 890 Rectius
2284 823 2446 914 puto
2525 812 2983 914 Amal-autum,

614 937 625 952 “
757 931 929 998 teste
978 920 1203 1019 Etym.
1254 919 1358 994 M.
1390 945 1463 1019 p.
1518 923 1616 995 27
1619 924 1697 1014 3,
1750 920 1879 994 28.
1929 918 2396 1017 ὃιακρανοῢν
2442 943 2565 1018 pro
2614 917 2985 1019 διακαρα-

760 1035 951 1103 νοῢν
1016 1026 1261 1098 ‹lictnm
1325 1023 1661 1097 censuisse
1674 1075 1702 1118 ,
1771 1023 1943 1098 male
2020 1031 2241 1097 tamen
2303 1021 2837 1120 interpretantem
2903 1022 2985 1095 de

760 1131 957 1203 litura
985 1126 1154 1202 'cadi
1199 1121 1612 1201 removenda.
1712 1124 1949 1200 Potius
1998 1123 2325 1225 significat
2362 1125 2769 1223 perficere.

1773 1330 1974 1406 vm.

967 1502 1479 1578 Vexatissimum
1529 1511 1632 1576 est
1682 1511 1984 1578 octavum
2033 1503 2322 1602 idyllium
2336 1555 2363 1599 ,
2413 1503 2485 1576 in
2533 1526 2661 1601 qno
2711 1502 2992 1601 primum

766 1632 932 1707 quae
981 1606 1379 1682 emendanda
1426 1605 1765 1682 videantur
1812 1607 2104 1703 afferam,
2156 1607 2388 1681 deinde
2427 1607 2644 1681 dicam
2687 1606 2770 1679 de
2803 1629 2994 1679 com-

768 1710 1093 1811 positione
1145 1709 1476 1782 carminis.

977 1810 1071 1886 V.
1130 1815 1248 1885 13.
1299 1809 1716 1910 Scripturam
1756 1810 2102 1885 Theocriti
2148 1749 2371 1885 multis
2432 1812 2505 1883 in
2550 1811 2718 1885 locis
2764 1834 2996 1907 gram-

773 1915 1157 1989 maticorum
1207 1916 1648 1988 correctiones
1696 1914 1942 1987 referre
1992 1939 2124 1987 non
2150 1923 2371 2013 potest
2399 1913 2605 1987 latere
2655 1937 2830 2007 eum,
2883 1911 2999 2033 qui

682 2047 685 2050 ’
775 2019 862 2091 ad
908 2018 1219 2091 librorum
1285 2016 1757 2113 discrepantias
1820 2024 2102 2090 mentem
2167 2015 2540 2090 attenderit.
2656 2015 2793 2091 Hic
2817 2015 2999 2142 tqni--

775 2122 924 2193 dem
973 2120 1147 2218 quod
1197 2119 1304 2192 edi
1351 2119 1546 2210 solet,
1599 2117 1788 2194 ἀλλὰ
1837 2117 1917 2195 τί
1962 2116 2428 2216 θησεύμεσθ’
2430 2168 2454 2206 ,
2507 2118 2553 2195 o'
2614 2147 2745 2195 κεν
2796 2117 2990 2216 ἄμῖν

775 2225 1040 2321 ἄρκιον
1091 2226 1226 2316 εἰη,
1278 2220 1541 2294 codices
1590 2228 1872 2318 arguunt
1919 2221 2077 2294 olim
2125 2221 2226 2296 sic
2273 2222 2591 2320 scriptum
2636 2221 2876 2295 fuisse·
2853 2272 2878 2294 .

978 2359 1107 2434 καὶ
1153 2356 1328 2434 τίνα
1376 2354 1870 2456 θησεύμεσθζ
1925 2357 2081 2442 ὅτις
2131 2354 2317 2456 ἄμῖν
2371 2359 2631 2458 ἄρκιος
2679 2362 2813 2454 εἴη.

772 2494 1133 2593 Displicuit
1178 2493 1248 2567 id
1296 2494 1735 2592 grammaticis
1784 2493 2181 2590 vulgaribus,
2235 2494 2347 2594 qui
2374 2495 2659 2572 ἄεθλον
2703 2495 2775 2568 ἰιι
2797 2509 3005 2594 prae·-

775 2599 1047 2672 cedente
1095 2622 1314 2690 versu,
1366 2605 1442 2671 nt
1491 2597 1571 2670 de
1619 2597 1936 2694 praemio,
1987 2605 2219 2671 neutro
2270 2622 2510 2695 genere
2579 2599 2825 2672 dictum
2872 2623 3005 2673 vo·-

772 2701 1017 2775 lebant.
1134 2697 1232 2774 At
1278 2702 1339 2772 is
1390 2726 1521 2773 non
1573 2707 1879 2773 constans
1907 2723 2093 2773 usus.
2198 2698 2734 2776 Grammaticus
2712 2727 2785 2773 ιιι
2809 2699 3009 2774 Bek-

770 2803 920 2878 keri
968 2801 1228 2878 Anecd.
1278 2828 1348 2901 p.
1402 2807 1579 2896 210,
1640 2807 1759 2876 14.
1813 2799 2078 2891 ἆθλος,
2145 2802 2555 2936 ἀρσενικῶς
2619 2803 2724 2880 τὸ
2775 2806 3007 2906 ἔργον

774 2906 905 2983 καὶ
951 2905 1046 2984 τὰ
1103 2908 1424 2983 ἔπαθλα.
1523 2904 1623 2979 Et
1673 2906 1840 2980 alius
1888 2931 1957 3004 p.
2013 2910 2194 3002 349,
2247 2910 2372 2980 21.
2427 2904 2711 2995 ἆθλος,
2777 2908 3007 3007 ἄρσε-

774 3018 1003 3095 νικῶς
1051 3010 1137 3087 τὸ
1193 3012 1417 3113 ἔργον
1479 3039 1608 3085 και
1671 3008 1759 3084 τὸ
1828 3006 2228 3112 ἀγώνισμα
2291 3007 2421 3086 και
2479 3008 2567 3086 τὸ
2637 3012 3005 3087 ἔπαθλον.

775 3113 1115 3213 διαφέρει
1176 3111 1263 3188 δὲ
1325 3121 1550 3190 τοῦτο
1614 3121 1754 3189 τοῦ
1829 3112 2273 3211 οὖδετερου,
2343 3112 2461 3190 ότι
2519 3112 2607 3188 τὸ
2671 3112 2817 3211 μὲν
2870 3114 3011 3190 οὐ·

775 3215 1082 3315 ὃέτερον
1158 3214 1378 3312 δηλοῖ
1440 3214 1721 3317 κυρίως
1792 3215 1880 3291 τὸ
1959 3217 2340 3306 ἔπαθλον,
2410 3224 2637 3293 τοῦτο
2714 3215 2802 3294 δε
2863 3218 3009 3295 τὸν

783 3349 832 3395 α
887 3326 1070 3395 ῶνα.

640 3348 886 3502 106ογ
987 3416 1081 3494 V.
1141 3422 1261 3497 18.
1309 3416 1468 3493 Non
1516 3418 1734 3492 omnia
1796 3443 1963 3517 quae
2023 3427 2299 3520 possunt
2360 3420 2617 3496 defendi
2680 3429 2834 3498 sunt
2882 3422 3013 3498 ‹le-

639 3601 643 3612 ,
775 3523 1120 3601 fendenda.
1223 3522 1419 3615 Quod
1467 3521 1832 3596 Wartonus
1882 3524 2188 3618 coniecit,

990 3656 1306 3762 σύριγγ’,
1365 3656 1469 3736 ἂν
1519 3657 1852 3756 ἐποίησα,
1903 3659 2145 3739 καλᾶν
2197 3661 2340 3759 ἔχω
2390 3656 2927 3761 ἑννεοέφωνον,

779 3821 978 3896 quum
1024 3796 1175 3869 libri
1225 3793 1373 3916 ἐγώ
1433 3796 1747 3890 habeant,
1810 3798 1910 3872 ita
1973 3822 2106 3872 non
2165 3798 2377 3874 solum
2425 3798 2843 3898 simplicitate
2893 3801 3007 3875 di-

777 3901 1040 3993 ctionis,
1093 3899 1212 3973 sed
1259 3899 1456 3972 etiam
1506 3901 1989 3998 comparatione
2038 3926 2264 3975 eorum
2315 3926 2480 4000 quae
2526 3900 2832 4000 Daphnis
2881 3926 3004 3977 re-

620 4059 631 4070 .
778 4004 1097 4102 spondet,
1165 4001 1688 4088 commendatur,
1753 4010 1829 4076 ut
1891 4028 2025 4078 non
2088 4004 2508 4077 dubitandum
2571 4004 2662 4077 sit
2709 4005 2871 4104 quin
2920 4031 3006 4079 ea

778 4131 934 4180 vera
995 4107 1084 4180 sit
1147 4107 1496 4204 scriptura.
1608 4102 2089 4202 Aequalitatem
2150 4107 2332 4180 illam
2402 4106 2738 4205 utriusque
2806 4108 3005 4206 pueri

778 4209 1099 4291 «lictorum
1145 4217 1222 4284 ut
1280 4210 1497 4306 legem
1540 4208 1915 4308 primariam
1971 4208 2045 4281 in
2105 4208 2234 4287 hoc
2296 4210 2586 4284 carmine
2650 4210 3008 4287 custodivit

831 4318 1001 4385 oeta.

778 4334 827 4407 P
983 4411 1076 4489 V.
1127 4416 1253 4487 24.
1301 4411 1606 4514 Ineptum
1655 4419 1760 4488 est
1803 4441 1890 4517 γε
1901 4465 1930 4504 ,
1978 4413 2155 4514 quod
2201 4413 2496 4517 plerique
2557 4413 2712 4488 libri
2759 4413 3007 4492 habent
