<?xml version="1.0" encoding="UTF-8"?>
<!DOCTYPE html PUBLIC "-//W3C//DTD XHTML 1.0 Transitional//EN"
    "http://www.w3.org/TR/xhtml1/DTD/xhtml1-transitional.dtd">
<html xmlns="http://www.w3.org/1999/xhtml" xml:lang="en" lang="en">
 <head>
  <title>
</title>
<meta http-equiv="Content-Type" content="text/html;charset=utf-8" />
  <meta name='ocr-system' content='tesseract 3.04.00' />
  <meta name='ocr-capabilities' content='ocr_page ocr_carea ocr_par ocr_line ocrx_word'/>
</head>
<body>
  <div class='ocr_page' id='page_1' title='image "./godofrediherman02fritgoog_0338.png"; bbox 0 0 3275 5317; ppageno 0'>
   <div class='ocr_carea' id='block_1_1' title="bbox 1056 495 2580 592">
    <p class='ocr_par' dir='ltr' id='par_1_1' title="bbox 1056 495 2580 592">
     <span class='ocr_line' id='line_1_1' title="bbox 1056 495 2580 592; baseline 0.003 -34"><span class='ocrx_word' id='word_1_1' title='bbox 1056 499 1129 562; x_wconf 84' lang='lat' dir='ltr'><strong>G.</strong></span> <span class='ocrx_word' id='word_1_2' title='bbox 1159 495 1251 592; x_wconf 70' lang='lat' dir='ltr'><strong>u.</strong></span> <span class='ocrx_word' id='word_1_3' title='bbox 1298 495 1833 560; x_wconf 69' lang='lat' dir='ltr'><strong>sumansu</strong></span> <span class='ocrx_word' id='word_1_4' title='bbox 2073 510 2082 520; x_wconf 92' lang='grc'><em>·</em></span> <span class='ocrx_word' id='word_1_5' title='bbox 2447 495 2580 563; x_wconf 74' lang='lat'><strong>³2⁷</strong></span> 
     </span>
    </p>
   </div>
   <div class='ocr_carea' id='block_1_2' title="bbox 333 646 2584 2411">
    <p class='ocr_par' dir='ltr' id='par_1_2' title="bbox 333 646 2584 2411">
     <span class='ocr_line' id='line_1_2' title="bbox 335 646 2578 756; baseline 0.001 -24"><span class='ocrx_word' id='word_1_6' title='bbox 335 657 728 734; x_wconf 66' lang='lat' dir='ltr'><strong>consistoria</strong></span> <span class='ocrx_word' id='word_1_7' title='bbox 777 654 1330 756; x_wconf 74' lang='lat' dir='ltr'><strong>Oldenburgensi.</strong></span> <span class='ocrx_word' id='word_1_8' title='bbox 1445 658 1574 732; x_wconf 75' lang='lat' dir='ltr'><strong>ma</strong></span> <span class='ocrx_word' id='word_1_9' title='bbox 1634 660 1838 756; x_wconf 83' lang='lat' dir='ltr'><strong>igitur</strong></span> <span class='ocrx_word' id='word_1_10' title='bbox 1897 659 1970 732; x_wconf 89' lang='lat' dir='ltr'><strong>in</strong></span> <span class='ocrx_word' id='word_1_11' title='bbox 2020 646 2210 733; x_wconf 79' lang='lat' dir='ltr'><strong>domo</strong></span> <span class='ocrx_word' id='word_1_12' title='bbox 2275 661 2346 732; x_wconf 91' lang='lat' dir='ltr'><strong>in</strong></span> <span class='ocrx_word' id='word_1_13' title='bbox 2395 662 2578 734; x_wconf 87' lang='lat' dir='ltr'><strong>noti-</strong></span> 
     </span>
     <span class='ocr_line' id='line_1_3' title="bbox 336 760 2575 861; baseline 0 -26"><span class='ocrx_word' id='word_1_14' title='bbox 336 760 496 835; x_wconf 85' lang='lat' dir='ltr'><strong>tiam</strong></span> <span class='ocrx_word' id='word_1_15' title='bbox 545 760 895 835; x_wconf 80' lang='lat' dir='ltr'><strong>Braudesii</strong></span> <span class='ocrx_word' id='word_1_16' title='bbox 957 763 1134 836; x_wconf 81' lang='lat' dir='ltr'><strong>venit</strong></span> <span class='ocrx_word' id='word_1_17' title='bbox 1182 763 1392 836; x_wconf 83' lang='lat' dir='ltr'><strong>altera</strong></span> <span class='ocrx_word' id='word_1_18' title='bbox 1452 763 1690 836; x_wconf 79' lang='lat' dir='ltr'><strong>Krusii</strong></span> <span class='ocrx_word' id='word_1_19' title='bbox 1738 762 1874 835; x_wconf 90' lang='lat' dir='ltr'><strong>filia</strong></span> <span class='ocrx_word' id='word_1_20' title='bbox 1889 814 1916 855; x_wconf 94' lang='lat'><strong>,</strong></span> <span class='ocrx_word' id='word_1_21' title='bbox 1967 762 2314 836; x_wconf 85' lang='lat' dir='ltr'><strong>Heurietta</strong></span> <span class='ocrx_word' id='word_1_22' title='bbox 2328 813 2354 857; x_wconf 95' lang='lat'><strong>,</strong></span> <span class='ocrx_word' id='word_1_23' title='bbox 2407 789 2575 861; x_wconf 84' lang='lat' dir='ltr'><strong>quae</strong></span> 
     </span>
     <span class='ocr_line' id='line_1_4' title="bbox 335 865 2577 964; baseline 0.001 -27"><span class='ocrx_word' id='word_1_24' title='bbox 335 888 488 937; x_wconf 84' lang='lat' dir='ltr'><strong>eum</strong></span> <span class='ocrx_word' id='word_1_25' title='bbox 533 866 739 937; x_wconf 76' lang='lat' dir='ltr'><strong>anirui</strong></span> <span class='ocrx_word' id='word_1_26' title='bbox 801 865 1146 939; x_wconf 80' lang='lat' dir='ltr'><strong>virtutibus</strong></span> <span class='ocrx_word' id='word_1_27' title='bbox 1211 889 1423 964; x_wconf 84' lang='lat' dir='ltr'><strong>aeque</strong></span> <span class='ocrx_word' id='word_1_28' title='bbox 1490 891 1573 940; x_wconf 83' lang='lat' dir='ltr'><strong>ac</strong></span> <span class='ocrx_word' id='word_1_29' title='bbox 1620 867 1910 939; x_wconf 82' lang='lat' dir='ltr'><strong>liberalis</strong></span> <span class='ocrx_word' id='word_1_30' title='bbox 1961 866 2342 940; x_wconf 86' lang='lat' dir='ltr'><strong>eruditionis</strong></span> <span class='ocrx_word' id='word_1_31' title='bbox 2393 867 2577 940; x_wconf 84' lang='lat' dir='ltr'><strong>cultu</strong></span> 
     </span>
     <span class='ocr_line' id='line_1_5' title="bbox 336 967 2579 1069; baseline 0.001 -29"><span class='ocrx_word' id='word_1_32' title='bbox 336 967 526 1040; x_wconf 75' lang='lat' dir='ltr'><strong>valde</strong></span> <span class='ocrx_word' id='word_1_33' title='bbox 573 968 921 1061; x_wconf 80' lang='lat' dir='ltr'><strong>retinebat,</strong></span> <span class='ocrx_word' id='word_1_34' title='bbox 970 970 1068 1042; x_wconf 86' lang='lat' dir='ltr'><strong>ita</strong></span> <span class='ocrx_word' id='word_1_35' title='bbox 1114 978 1202 1043; x_wconf 93' lang='lat' dir='ltr'><strong>ut</strong></span> <span class='ocrx_word' id='word_1_36' title='bbox 1237 993 1387 1042; x_wconf 84' lang='lat' dir='ltr'><strong>eam</strong></span> <span class='ocrx_word' id='word_1_37' title='bbox 1431 971 1563 1043; x_wconf 84' lang='lat' dir='ltr'><strong>sibi</strong></span> <span class='ocrx_word' id='word_1_38' title='bbox 1611 971 1957 1065; x_wconf 84' lang='lat' dir='ltr'><strong>coniugem</strong></span> <span class='ocrx_word' id='word_1_39' title='bbox 2006 977 2295 1069; x_wconf 68' lang='lat' dir='ltr'><strong>petel-etz</strong></span> <span class='ocrx_word' id='word_1_40' title='bbox 2346 969 2579 1043; x_wconf 82' lang='lat' dir='ltr'><strong>duxit-</strong></span> 
     </span>
     <span class='ocr_line' id='line_1_6' title="bbox 335 1071 2578 1172; baseline 0 -29"><span class='ocrx_word' id='word_1_41' title='bbox 335 1095 464 1168; x_wconf 78' lang='lat' dir='ltr'><strong>que</strong></span> <span class='ocrx_word' id='word_1_42' title='bbox 510 1071 629 1145; x_wconf 85' lang='lat' dir='ltr'><strong>illo</strong></span> <span class='ocrx_word' id='word_1_43' title='bbox 677 1072 825 1170; x_wconf 84' lang='lat' dir='ltr'><strong>ipso</strong></span> <span class='ocrx_word' id='word_1_44' title='bbox 872 1072 1120 1146; x_wconf 78' lang='lat' dir='ltr'><strong>infelici</strong></span> <span class='ocrx_word' id='word_1_45' title='bbox 1168 1081 1486 1172; x_wconf 83' lang='lat' dir='ltr'><strong>tempore,</strong></span> <span class='ocrx_word' id='word_1_46' title='bbox 1542 1095 1671 1172; x_wconf 78' lang='lat' dir='ltr'><strong>quo</strong></span> <span class='ocrx_word' id='word_1_47' title='bbox 1722 1081 1874 1172; x_wconf 74' lang='lat' dir='ltr'><strong>post</strong></span> <span class='ocrx_word' id='word_1_48' title='bbox 1901 1096 2187 1171; x_wconf 83' lang='lat' dir='ltr'><strong>pugnam</strong></span> <span class='ocrx_word' id='word_1_49' title='bbox 2232 1071 2578 1145; x_wconf 84' lang='lat' dir='ltr'><strong>Ienensem</strong></span> 
     </span>
     <span class='ocr_line' id='line_1_7' title="bbox 333 1172 2580 1275; baseline 0.002 -30"><span class='ocrx_word' id='word_1_50' title='bbox 333 1174 614 1248; x_wconf 75' lang='lat' dir='ltr'><strong>ducatus</strong></span> <span class='ocrx_word' id='word_1_51' title='bbox 664 1172 1228 1273; x_wconf 81' lang='lat' dir='ltr'><strong>Oldenburgensis</strong></span> <span class='ocrx_word' id='word_1_52' title='bbox 1279 1177 1564 1275; x_wconf 75' lang='lat' dir='ltr'><strong>principi</strong></span> <span class='ocrx_word' id='word_1_53' title='bbox 1613 1201 1734 1250; x_wconf 89' lang='lat' dir='ltr'><strong>suo</strong></span> <span class='ocrx_word' id='word_1_54' title='bbox 1784 1185 2051 1275; x_wconf 85' lang='lat' dir='ltr'><strong>ereptus</strong></span> <span class='ocrx_word' id='word_1_55' title='bbox 2102 1184 2172 1249; x_wconf 87' lang='lat' dir='ltr'><strong>et</strong></span> <span class='ocrx_word' id='word_1_56' title='bbox 2202 1201 2408 1273; x_wconf 84' lang='lat' dir='ltr'><strong>regno</strong></span> <span class='ocrx_word' id='word_1_57' title='bbox 2431 1175 2580 1249; x_wconf 88' lang='lat' dir='ltr'><strong>Ba-</strong></span> 
     </span>
     <span class='ocr_line' id='line_1_8' title="bbox 334 1277 2580 1378; baseline 0.001 -28"><span class='ocrx_word' id='word_1_58' title='bbox 334 1284 486 1351; x_wconf 76' lang='lat' dir='ltr'><strong>tavo</strong></span> <span class='ocrx_word' id='word_1_59' title='bbox 540 1286 644 1351; x_wconf 81' lang='lat' dir='ltr'><strong>est</strong></span> <span class='ocrx_word' id='word_1_60' title='bbox 687 1278 1013 1353; x_wconf 86' lang='lat' dir='ltr'><strong>adiectus.</strong></span> <span class='ocrx_word' id='word_1_61' title='bbox 1071 1289 1084 1306; x_wconf 87' lang='lat'>&#39;</span> <span class='ocrx_word' id='word_1_62' title='bbox 1117 1277 1353 1377; x_wconf 89' lang='lat' dir='ltr'><strong>Itaque</strong></span> <span class='ocrx_word' id='word_1_63' title='bbox 1404 1282 1532 1354; x_wconf 86' lang='lat' dir='ltr'><strong>etsi</strong></span> <span class='ocrx_word' id='word_1_64' title='bbox 1578 1301 1816 1353; x_wconf 84' lang='lat' dir='ltr'><strong>munus</strong></span> <span class='ocrx_word' id='word_1_65' title='bbox 1855 1305 1984 1378; x_wconf 89' lang='lat' dir='ltr'><strong>quo</strong></span> <span class='ocrx_word' id='word_1_66' title='bbox 2008 1279 2400 1376; x_wconf 80' lang='lat' dir='ltr'><strong>fungebatur</strong></span> <span class='ocrx_word' id='word_1_67' title='bbox 2447 1303 2580 1352; x_wconf 82' lang='lat' dir='ltr'><strong>nou</strong></span> 
     </span>
     <span class='ocr_line' id='line_1_9' title="bbox 336 1380 2579 1479; baseline 0.002 -27"><span class='ocrx_word' id='word_1_68' title='bbox 336 1380 712 1479; x_wconf 81' lang='lat' dir='ltr'><strong>ademptum</strong></span> <span class='ocrx_word' id='word_1_69' title='bbox 762 1390 866 1455; x_wconf 88' lang='lat' dir='ltr'><strong>est</strong></span> <span class='ocrx_word' id='word_1_70' title='bbox 913 1383 1329 1458; x_wconf 77' lang='lat' dir='ltr'><strong>vehementer</strong></span> <span class='ocrx_word' id='word_1_71' title='bbox 1358 1385 1754 1457; x_wconf 57' lang='lat' dir='ltr'><strong>‘abhorrenti</strong></span> <span class='ocrx_word' id='word_1_72' title='bbox 1804 1405 1846 1456; x_wconf 85' lang='lat' dir='ltr'><strong>a</strong></span> <span class='ocrx_word' id='word_1_73' title='bbox 1895 1381 2334 1456; x_wconf 85' lang='lat' dir='ltr'><strong>dominatione</strong></span> <span class='ocrx_word' id='word_1_74' title='bbox 2402 1380 2579 1456; x_wconf 78' lang='lat' dir='ltr'><strong>Gal—</strong></span> 
     </span>
     <span class='ocr_line' id='line_1_10' title="bbox 336 1483 2581 1586; baseline 0 -29"><span class='ocrx_word' id='word_1_75' title='bbox 336 1483 545 1557; x_wconf 73' lang='lat' dir='ltr'><strong>lorum</strong></span> <span class='ocrx_word' id='word_1_76' title='bbox 561 1535 590 1578; x_wconf 96' lang='lat'><strong>,</strong></span> <span class='ocrx_word' id='word_1_77' title='bbox 651 1493 888 1558; x_wconf 81' lang='lat' dir='ltr'><strong>tamen·</strong></span> <span class='ocrx_word' id='word_1_78' title='bbox 924 1486 1129 1559; x_wconf 83' lang='lat' dir='ltr'><strong>multa</strong></span> <span class='ocrx_word' id='word_1_79' title='bbox 1193 1507 1546 1586; x_wconf 82' lang='lat' dir='ltr'><strong>perpessus</strong></span> <span class='ocrx_word' id='word_1_80' title='bbox 1614 1496 1718 1560; x_wconf 87' lang='lat' dir='ltr'><strong>est</strong></span> <span class='ocrx_word' id='word_1_81' title='bbox 1780 1483 2007 1584; x_wconf 79' lang='lat' dir='ltr'><strong>gravia</strong></span> <span class='ocrx_word' id='word_1_82' title='bbox 2069 1485 2347 1558; x_wconf 81' lang='lat' dir='ltr'><strong>militum</strong></span> <span class='ocrx_word' id='word_1_83' title='bbox 2395 1486 2581 1558; x_wconf 81' lang='lat' dir='ltr'><strong>fero-</strong></span> 
     </span>
     <span class='ocr_line' id='line_1_11' title="bbox 335 1586 2579 1688; baseline 0.001 -28"><span class='ocrx_word' id='word_1_84' title='bbox 335 1586 514 1660; x_wconf 74' lang='lat' dir='ltr'><strong>cium</strong></span> <span class='ocrx_word' id='word_1_85' title='bbox 563 1595 633 1661; x_wconf 91' lang='lat' dir='ltr'><strong>et</strong></span> <span class='ocrx_word' id='word_1_86' title='bbox 679 1588 1167 1662; x_wconf 68' lang='lat' dir='ltr'><strong>fastidiosorum</strong></span> <span class='ocrx_word' id='word_1_87' title='bbox 1218 1589 1688 1684; x_wconf 72' lang='lat' dir='ltr'><strong>contuberniis,</strong></span> <span class='ocrx_word' id='word_1_88' title='bbox 1743 1611 1910 1688; x_wconf 81' lang='lat' dir='ltr'><strong>quae</strong></span> <span class='ocrx_word' id='word_1_89' title='bbox 1940 1598 2172 1663; x_wconf 85' lang='lat' dir='ltr'><strong>tenues</strong></span> <span class='ocrx_word' id='word_1_90' title='bbox 2225 1591 2366 1662; x_wconf 84' lang='lat' dir='ltr'><strong>eius</strong></span> <span class='ocrx_word' id='word_1_91' title='bbox 2418 1613 2579 1688; x_wconf 87' lang='lat' dir='ltr'><strong>opes</strong></span> 
     </span>
     <span class='ocr_line' id='line_1_12' title="bbox 334 1688 2581 1792; baseline 0 -29"><span class='ocrx_word' id='word_1_92' title='bbox 334 1690 830 1764; x_wconf 82' lang='lat' dir='ltr'><strong>exhauriebant.</strong></span> <span class='ocrx_word' id='word_1_93' title='bbox 931 1688 1362 1767; x_wconf 71' lang='lat' dir='ltr'><strong>Accedebant</strong></span> <span class='ocrx_word' id='word_1_94' title='bbox 1411 1694 1645 1792; x_wconf 82' lang='lat' dir='ltr'><strong>quibus</strong></span> <span class='ocrx_word' id='word_1_95' title='bbox 1696 1694 1884 1766; x_wconf 84' lang='lat' dir='ltr'><strong>valde</strong></span> <span class='ocrx_word' id='word_1_96' title='bbox 1934 1691 2335 1790; x_wconf 81' lang='lat' dir='ltr'><strong>affligeretur</strong></span> <span class='ocrx_word' id='word_1_97' title='bbox 2397 1691 2581 1765; x_wconf 82' lang='lat' dir='ltr'><strong>mor-</strong></span> 
     </span>
     <span class='ocr_line' id='line_1_13' title="bbox 333 1793 2584 1894; baseline 0 -29"><span class='ocrx_word' id='word_1_98' title='bbox 333 1793 404 1865; x_wconf 74' lang='lat' dir='ltr'><strong>bi</strong></span> <span class='ocrx_word' id='word_1_99' title='bbox 465 1802 839 1893; x_wconf 81' lang='lat' dir='ltr'><strong>mortesque</strong></span> <span class='ocrx_word' id='word_1_100' title='bbox 917 1796 1489 1894; x_wconf 71' lang='lat' dir='ltr'><strong>propinquorum.v</strong></span> <span class='ocrx_word' id='word_1_101' title='bbox 1584 1794 1810 1869; x_wconf 80' lang='lat' dir='ltr'><strong>Nihilo</strong></span> <span class='ocrx_word' id='word_1_102' title='bbox 1879 1796 2094 1869; x_wconf 84' lang='lat' dir='ltr'><strong>minus</strong></span> <span class='ocrx_word' id='word_1_103' title='bbox 2143 1797 2406 1869; x_wconf 81' lang='lat' dir='ltr'><strong>fortiter</strong></span> <span class='ocrx_word' id='word_1_104' title='bbox 2468 1796 2584 1867; x_wconf 89' lang='lat' dir='ltr'><strong>illa</strong></span> 
     </span>
     <span class='ocr_line' id='line_1_14' title="bbox 334 1897 2579 1997; baseline 0.001 -29"><span class='ocrx_word' id='word_1_105' title='bbox 334 1898 555 1969; x_wconf 87' lang='lat' dir='ltr'><strong>omnia</strong></span> <span class='ocrx_word' id='word_1_106' title='bbox 603 1897 952 1991; x_wconf 75' lang='lat' dir='ltr'><strong>sustinuit,</strong></span> <span class='ocrx_word' id='word_1_107' title='bbox 1020 1906 1095 1971; x_wconf 90' lang='lat' dir='ltr'><strong>ut</strong></span> <span class='ocrx_word' id='word_1_108' title='bbox 1144 1900 1308 1973; x_wconf 90' lang='lat' dir='ltr'><strong>adeo</strong></span> <span class='ocrx_word' id='word_1_109' title='bbox 1357 1900 1561 1972; x_wconf 84' lang='lat' dir='ltr'><strong>libros</strong></span> <span class='ocrx_word' id='word_1_110' title='bbox 1625 1921 1709 1972; x_wconf 88' lang='lat' dir='ltr'><strong>eo</strong></span> <span class='ocrx_word' id='word_1_111' title='bbox 1760 1909 2056 1997; x_wconf 88' lang='lat' dir='ltr'><strong>tempore</strong></span> <span class='ocrx_word' id='word_1_112' title='bbox 2106 1899 2579 1991; x_wconf 77' lang='lat' dir='ltr'><strong>conscriberet,</strong></span> 
     </span>
     <span class='ocr_line' id='line_1_15' title="bbox 334 1998 2582 2101; baseline 0 -29"><span class='ocrx_word' id='word_1_113' title='bbox 334 2026 376 2072; x_wconf 92' lang='lat' dir='ltr'><strong>e</strong></span> <span class='ocrx_word' id='word_1_114' title='bbox 426 1998 660 2098; x_wconf 82' lang='lat' dir='ltr'><strong>quibus</strong></span> <span class='ocrx_word' id='word_1_115' title='bbox 709 2001 1076 2075; x_wconf 87' lang='lat' dir='ltr'><strong>luculenter</strong></span> <span class='ocrx_word' id='word_1_116' title='bbox 1125 2010 1495 2101; x_wconf 77' lang='lat' dir='ltr'><strong>appareret,</strong></span> <span class='ocrx_word' id='word_1_117' title='bbox 1550 2011 1794 2101; x_wconf 83' lang='lat' dir='ltr'><strong>quanta</strong></span> <span class='ocrx_word' id='word_1_118' title='bbox 1842 2003 1914 2074; x_wconf 89' lang='lat' dir='ltr'><strong>in</strong></span> <span class='ocrx_word' id='word_1_119' title='bbox 1961 2027 2045 2076; x_wconf 88' lang='lat' dir='ltr'><strong>eo</strong></span> <span class='ocrx_word' id='word_1_120' title='bbox 2095 2002 2347 2074; x_wconf 80' lang='lat' dir='ltr'><strong>indoles</strong></span> <span class='ocrx_word' id='word_1_121' title='bbox 2374 2009 2444 2074; x_wconf 90' lang='lat' dir='ltr'><strong>et</strong></span> <span class='ocrx_word' id='word_1_122' title='bbox 2472 2001 2582 2072; x_wconf 88' lang='lat' dir='ltr'><strong>fa·-</strong></span> 
     </span>
     <span class='ocr_line' id='line_1_16' title="bbox 334 2102 2581 2211; baseline 0 -34"><span class='ocrx_word' id='word_1_123' title='bbox 334 2105 549 2177; x_wconf 85' lang='lat' dir='ltr'><strong>cultas</strong></span> <span class='ocrx_word' id='word_1_124' title='bbox 597 2112 800 2211; x_wconf 88' lang='lat' dir='ltr'><strong>esset.</strong></span> <span class='ocrx_word' id='word_1_125' title='bbox 900 2102 1047 2178; x_wconf 88' lang='lat' dir='ltr'><strong>Iam</strong></span> <span class='ocrx_word' id='word_1_126' title='bbox 1095 2130 1179 2179; x_wconf 88' lang='lat' dir='ltr'><strong>eo</strong></span> <span class='ocrx_word' id='word_1_127' title='bbox 1245 2114 1576 2204; x_wconf 87' lang='lat' dir='ltr'><strong>tempore,</strong></span> <span class='ocrx_word' id='word_1_128' title='bbox 1646 2131 1774 2202; x_wconf 87' lang='lat' dir='ltr'><strong>quo</strong></span> <span class='ocrx_word' id='word_1_129' title='bbox 1843 2130 2123 2205; x_wconf 86' lang='lat' dir='ltr'><strong>sponsus</strong></span> <span class='ocrx_word' id='word_1_130' title='bbox 2188 2113 2376 2193; x_wconf 90' lang='lat' dir='ltr'><strong>erat,</strong></span> <span class='ocrx_word' id='word_1_131' title='bbox 2428 2127 2581 2178; x_wconf 89' lang='lat' dir='ltr'><strong>cum</strong></span> 
     </span>
     <span class='ocr_line' id='line_1_17' title="bbox 334 2207 2583 2307; baseline 0 -28"><span class='ocrx_word' id='word_1_132' title='bbox 334 2230 579 2306; x_wconf 74' lang='lat' dir='ltr'><strong>sponsa</strong></span> <span class='ocrx_word' id='word_1_133' title='bbox 626 2232 748 2307; x_wconf 88' lang='lat' dir='ltr'><strong>per</strong></span> <span class='ocrx_word' id='word_1_134' title='bbox 794 2208 1051 2280; x_wconf 83' lang='lat' dir='ltr'><strong>litteras</strong></span> <span class='ocrx_word' id='word_1_135' title='bbox 1101 2210 1699 2283; x_wconf 83' lang='lat' dir='ltr'><strong>communicaverat</strong></span> <span class='ocrx_word' id='word_1_136' title='bbox 1746 2209 2138 2307; x_wconf 86' lang='lat' dir='ltr'><strong>praecipuas</strong></span> <span class='ocrx_word' id='word_1_137' title='bbox 2178 2217 2404 2305; x_wconf 89' lang='lat' dir='ltr'><strong>partes</strong></span> <span class='ocrx_word' id='word_1_138' title='bbox 2452 2207 2583 2280; x_wconf 88' lang='lat' dir='ltr'><strong>do·-</strong></span> 
     </span>
     <span class='ocr_line' id='line_1_18' title="bbox 335 2311 2579 2411; baseline 0 -28"><span class='ocrx_word' id='word_1_139' title='bbox 335 2312 588 2384; x_wconf 82' lang='lat' dir='ltr'><strong>ctrinae</strong></span> <span class='ocrx_word' id='word_1_140' title='bbox 654 2313 1155 2386; x_wconf 83' lang='lat' dir='ltr'><strong>astronomicae.</strong></span> <span class='ocrx_word' id='word_1_141' title='bbox 1311 2311 1489 2385; x_wconf 87' lang='lat' dir='ltr'><strong>Eam</strong></span> <span class='ocrx_word' id='word_1_142' title='bbox 1555 2314 2035 2411; x_wconf 78' lang='lat' dir='ltr'><strong>expositionem</strong></span> <span class='ocrx_word' id='word_1_143' title='bbox 2114 2319 2349 2410; x_wconf 87' lang='lat' dir='ltr'><strong>postea</strong></span> <span class='ocrx_word' id='word_1_144' title='bbox 2413 2311 2579 2383; x_wconf 87' lang='lat' dir='ltr'><strong>inito</strong></span> 
     </span>
    </p>
   </div>
   <div class='ocr_carea' id='block_1_3' title="bbox 181 2414 2580 2513">
    <p class='ocr_par' dir='ltr' id='par_1_3' title="bbox 181 2414 2580 2513">
     <span class='ocr_line' id='line_1_19' title="bbox 181 2414 2580 2513; baseline 0 -27"><span class='ocrx_word' id='word_1_145' title='bbox 181 2416 191 2429; x_wconf 85' lang='lat'>&#39;</span> <span class='ocrx_word' id='word_1_146' title='bbox 334 2415 467 2487; x_wconf 86' lang='lat' dir='ltr'><strong>iam</strong></span> <span class='ocrx_word' id='word_1_147' title='bbox 491 2414 818 2510; x_wconf 85' lang='lat' dir='ltr'><strong>coniugio</strong></span> <span class='ocrx_word' id='word_1_148' title='bbox 817 2416 1229 2489; x_wconf 84' lang='lat' dir='ltr'><strong>continuavit</strong></span> <span class='ocrx_word' id='word_1_149' title='bbox 1277 2417 1399 2509; x_wconf 90' lang='lat' dir='ltr'><strong>ita,</strong></span> <span class='ocrx_word' id='word_1_150' title='bbox 1452 2423 1553 2510; x_wconf 92' lang='lat' dir='ltr'><strong>ut,</strong></span> <span class='ocrx_word' id='word_1_151' title='bbox 1606 2425 1921 2513; x_wconf 87' lang='lat' dir='ltr'><strong>quantum</strong></span> <span class='ocrx_word' id='word_1_152' title='bbox 1943 2417 2355 2513; x_wconf 87' lang='lat' dir='ltr'><strong>permitteret</strong></span> <span class='ocrx_word' id='word_1_153' title='bbox 2404 2423 2580 2487; x_wconf 84' lang='lat' dir='ltr'><strong>tem-</strong></span> 
     </span>
    </p>
   </div>
   <div class='ocr_carea' id='block_1_4' title="bbox 277 2515 2625 3803">
    <p class='ocr_par' dir='ltr' id='par_1_4' title="bbox 277 2515 2625 3752">
     <span class='ocr_line' id='line_1_20' title="bbox 334 2515 2581 2632; baseline -0 -42"><span class='ocrx_word' id='word_1_154' title='bbox 334 2541 568 2617; x_wconf 85' lang='lat' dir='ltr'><strong>porum</strong></span> <span class='ocrx_word' id='word_1_155' title='bbox 614 2515 950 2616; x_wconf 87' lang='lat' dir='ltr'><strong>iniquitas,</strong></span> <span class='ocrx_word' id='word_1_156' title='bbox 1004 2541 1260 2593; x_wconf 88' lang='lat' dir='ltr'><strong>omnem</strong></span> <span class='ocrx_word' id='word_1_157' title='bbox 1307 2520 1488 2592; x_wconf 87' lang='lat' dir='ltr'><strong>illam</strong></span> <span class='ocrx_word' id='word_1_158' title='bbox 1551 2517 1918 2593; x_wconf 86' lang='lat' dir='ltr'><strong>doctrinam</strong></span> <span class='ocrx_word' id='word_1_159' title='bbox 1981 2519 2112 2592; x_wconf 89' lang='lat' dir='ltr'><strong>isto</strong></span> <span class='ocrx_word' id='word_1_160' title='bbox 2174 2519 2369 2592; x_wconf 86' lang='lat' dir='ltr'><strong>modo</strong></span> <span class='ocrx_word' id='word_1_161' title='bbox 2421 2541 2581 2632; x_wconf 87' lang='lat' dir='ltr'><strong>per-</strong></span> 
     </span>
     <span class='ocr_line' id='line_1_21' title="bbox 335 2616 2580 2720; baseline -0.001 -25"><span class='ocrx_word' id='word_1_162' title='bbox 335 2629 754 2719; x_wconf 85' lang='lat' dir='ltr'><strong>sequeretur·</strong></span> <span class='ocrx_word' id='word_1_163' title='bbox 833 2622 1010 2719; x_wconf 85' lang='lat' dir='ltr'><strong>quod</strong></span> <span class='ocrx_word' id='word_1_164' title='bbox 1057 2624 1155 2696; x_wconf 92' lang='lat' dir='ltr'><strong>ita</strong></span> <span class='ocrx_word' id='word_1_165' title='bbox 1201 2623 1402 2715; x_wconf 79' lang='lat' dir='ltr'><strong>fecit,</strong></span> <span class='ocrx_word' id='word_1_166' title='bbox 1480 2631 1592 2714; x_wconf 89' lang='lat' dir='ltr'><strong>ut,</strong></span> <span class='ocrx_word' id='word_1_167' title='bbox 1672 2624 1732 2694; x_wconf 90' lang='lat' dir='ltr'><strong>si</strong></span> <span class='ocrx_word' id='word_1_168' title='bbox 1783 2623 1940 2720; x_wconf 87' lang='lat' dir='ltr'><strong>quid</strong></span> <span class='ocrx_word' id='word_1_169' title='bbox 1989 2623 2184 2695; x_wconf 81' lang='lat' dir='ltr'><strong>uxori</strong></span> <span class='ocrx_word' id='word_1_170' title='bbox 2235 2645 2367 2694; x_wconf 86' lang='lat' dir='ltr'><strong>uon</strong></span> <span class='ocrx_word' id='word_1_171' title='bbox 2417 2616 2580 2694; x_wconf 80' lang='lat' dir='ltr'><strong>satis</strong></span> 
     </span>
     <span class='ocr_line' id='line_1_22' title="bbox 332 2723 2580 2845; baseline 0 -50"><span class='ocrx_word' id='word_1_172' title='bbox 332 2725 602 2845; x_wconf 76' lang='lat' dir='ltr'><strong>planum</strong></span> <span class='ocrx_word' id='word_1_173' title='bbox 650 2723 1002 2816; x_wconf 84' lang='lat' dir='ltr'><strong>videretur,</strong></span> <span class='ocrx_word' id='word_1_174' title='bbox 1053 2726 1125 2797; x_wconf 93' lang='lat' dir='ltr'><strong>id</strong></span> <span class='ocrx_word' id='word_1_175' title='bbox 1172 2733 1589 2812; x_wconf 85' lang='lat' dir='ltr'><strong>retractaret,</strong></span> <span class='ocrx_word' id='word_1_176' title='bbox 1658 2747 1867 2822; x_wconf 84' lang='lat' dir='ltr'><strong>usque</strong></span> <span class='ocrx_word' id='word_1_177' title='bbox 1919 2725 2073 2796; x_wconf 86' lang='lat' dir='ltr'><strong>dum</strong></span> <span class='ocrx_word' id='word_1_178' title='bbox 2120 2723 2210 2796; x_wconf 85' lang='lat' dir='ltr'><strong>ad</strong></span> <span class='ocrx_word' id='word_1_179' title='bbox 2261 2747 2580 2796; x_wconf 81' lang='lat' dir='ltr'><strong>summam</strong></span> 
     </span>
     <span class='ocr_line' id='line_1_23' title="bbox 333 2825 2581 2927; baseline -0 -28"><span class='ocrx_word' id='word_1_180' title='bbox 333 2827 869 2927; x_wconf 82' lang='lat' dir='ltr'><strong>perspicuitatem</strong></span> <span class='ocrx_word' id='word_1_181' title='bbox 920 2836 1098 2900; x_wconf 86' lang='lat' dir='ltr'><strong>esset</strong></span> <span class='ocrx_word' id='word_1_182' title='bbox 1148 2828 1523 2900; x_wconf 79' lang='lat' dir='ltr'><strong>adduc-tum.</strong></span> <span class='ocrx_word' id='word_1_183' title='bbox 1626 2825 1737 2901; x_wconf 88' lang='lat' dir='ltr'><strong>Ita</strong></span> <span class='ocrx_word' id='word_1_184' title='bbox 1786 2835 2056 2900; x_wconf 81' lang='lat' dir='ltr'><strong>exortae</strong></span> <span class='ocrx_word' id='word_1_185' title='bbox 2107 2834 2260 2899; x_wconf 87' lang='lat' dir='ltr'><strong>sunt</strong></span> <span class='ocrx_word' id='word_1_186' title='bbox 2306 2827 2462 2899; x_wconf 86' lang='lat' dir='ltr'><strong>illae</strong></span> <span class='ocrx_word' id='word_1_187' title='bbox 2496 2827 2581 2898; x_wconf 88' lang='lat' dir='ltr'><strong>ad</strong></span> 
     </span>
     <span class='ocr_line' id='line_1_24' title="bbox 335 2930 2580 3050; baseline 0 -47"><span class='ocrx_word' id='word_1_188' title='bbox 335 2932 619 3004; x_wconf 87' lang='lat' dir='ltr'><strong>amicam</strong></span> <span class='ocrx_word' id='word_1_189' title='bbox 670 2930 985 3028; x_wconf 85' lang='lat' dir='ltr'><strong>epistolae</strong></span> <span class='ocrx_word' id='word_1_190' title='bbox 1037 2931 1119 3004; x_wconf 91' lang='lat' dir='ltr'><strong>de</strong></span> <span class='ocrx_word' id='word_1_191' title='bbox 1192 2932 1581 3050; x_wconf 86' lang='lat' dir='ltr'><strong>praecipuis</strong></span> <span class='ocrx_word' id='word_1_192' title='bbox 1619 2931 1917 3030; x_wconf 84' lang='lat' dir='ltr'><strong>partibus</strong></span> <span class='ocrx_word' id='word_1_193' title='bbox 1970 2930 2307 3003; x_wconf 87' lang='lat' dir='ltr'><strong>doctrinae</strong></span> <span class='ocrx_word' id='word_1_194' title='bbox 2358 2938 2580 3003; x_wconf 87' lang='lat' dir='ltr'><strong>astro-</strong></span> 
     </span>
     <span class='ocr_line' id='line_1_25' title="bbox 334 3031 2577 3132; baseline -0.001 -25"><span class='ocrx_word' id='word_1_195' title='bbox 334 3035 637 3107; x_wconf 83' lang='lat' dir='ltr'><strong>uomicae</strong></span> <span class='ocrx_word' id='word_1_196' title='bbox 650 3085 677 3127; x_wconf 95' lang='lat'><strong>,</strong></span> <span class='ocrx_word' id='word_1_197' title='bbox 748 3056 916 3132; x_wconf 88' lang='lat' dir='ltr'><strong>quae</strong></span> <span class='ocrx_word' id='word_1_198' title='bbox 979 3035 1214 3107; x_wconf 86' lang='lat' dir='ltr'><strong>merito</strong></span> <span class='ocrx_word' id='word_1_199' title='bbox 1278 3031 1629 3107; x_wconf 78' lang='lat' dir='ltr'><strong>maximam</strong></span> <span class='ocrx_word' id='word_1_200' title='bbox 1711 3033 1972 3106; x_wconf 89' lang='lat' dir='ltr'><strong>laudem</strong></span> <span class='ocrx_word' id='word_1_201' title='bbox 2054 3040 2209 3105; x_wconf 89' lang='lat' dir='ltr'><strong>sunt</strong></span> <span class='ocrx_word' id='word_1_202' title='bbox 2274 3034 2577 3131; x_wconf 86' lang='lat' dir='ltr'><strong>adeptae.</strong></span> 
     </span>
     <span class='ocr_line' id='line_1_26' title="bbox 335 3134 2584 3235; baseline -0.001 -24"><span class='ocrx_word' id='word_1_203' title='bbox 335 3134 481 3211; x_wconf 86' lang='lat' dir='ltr'><strong>Sed</strong></span> <span class='ocrx_word' id='word_1_204' title='bbox 529 3137 909 3235; x_wconf 84' lang='lat' dir='ltr'><strong>priusqu&#39;arn</strong></span> <span class='ocrx_word' id='word_1_205' title='bbox 958 3138 1082 3210; x_wconf 91' lang='lat' dir='ltr'><strong>hae</strong></span> <span class='ocrx_word' id='word_1_206' title='bbox 1133 3146 1287 3210; x_wconf 89' lang='lat' dir='ltr'><strong>sunt</strong></span> <span class='ocrx_word' id='word_1_207' title='bbox 1349 3139 1420 3209; x_wconf 87' lang='lat' dir='ltr'><strong>in</strong></span> <span class='ocrx_word' id='word_1_208' title='bbox 1484 3138 1704 3210; x_wconf 89' lang='lat' dir='ltr'><strong>lucem</strong></span> <span class='ocrx_word' id='word_1_209' title='bbox 1768 3136 2025 3229; x_wconf 91' lang='lat' dir='ltr'><strong>editae,</strong></span> <span class='ocrx_word' id='word_1_210' title='bbox 2090 3135 2257 3209; x_wconf 89' lang='lat' dir='ltr'><strong>alios</strong></span> <span class='ocrx_word' id='word_1_211' title='bbox 2326 3161 2584 3234; x_wconf 90' lang='lat' dir='ltr'><strong>quoque</strong></span> 
     </span>
     <span class='ocr_line' id='line_1_27' title="bbox 333 3237 2584 3339; baseline 0 -28"><span class='ocrx_word' id='word_1_212' title='bbox 333 3240 539 3313; x_wconf 87' lang='lat' dir='ltr'><strong>libros</strong></span> <span class='ocrx_word' id='word_1_213' title='bbox 588 3240 1081 3332; x_wconf 82' lang='lat' dir='ltr'><strong>mathematicos</strong></span> <span class='ocrx_word' id='word_1_214' title='bbox 1130 3237 1316 3334; x_wconf 84' lang='lat' dir='ltr'><strong>fecit,</strong></span> <span class='ocrx_word' id='word_1_215' title='bbox 1366 3241 1437 3313; x_wconf 90' lang='lat' dir='ltr'><strong>in</strong></span> <span class='ocrx_word' id='word_1_216' title='bbox 1485 3240 1698 3339; x_wconf 87' lang='lat' dir='ltr'><strong>iisque</strong></span> <span class='ocrx_word' id='word_1_217' title='bbox 1751 3240 2202 3339; x_wconf 87' lang='lat' dir='ltr'><strong>compendium</strong></span> <span class='ocrx_word' id='word_1_218' title='bbox 2246 3240 2584 3313; x_wconf 86' lang='lat' dir='ltr'><strong>doetrinae</strong></span> 
     </span>
     <span class='ocr_line' id='line_1_28' title="bbox 335 3339 2625 3441; baseline -0 -26"><span class='ocrx_word' id='word_1_219' title='bbox 335 3344 874 3436; x_wconf 88' lang='lat' dir='ltr'><strong>mathematicae,</strong></span> <span class='ocrx_word' id='word_1_220' title='bbox 956 3345 1301 3441; x_wconf 57' lang='lat' dir='ltr'><strong>scriptum,</strong></span> <span class='ocrx_word' id='word_1_221' title='bbox 1348 3344 1613 3418; x_wconf 88' lang='lat' dir='ltr'><strong>hortatu</strong></span> <span class='ocrx_word' id='word_1_222' title='bbox 1666 3346 1878 3418; x_wconf 87' lang='lat' dir='ltr'><strong>soceri</strong></span> <span class='ocrx_word' id='word_1_223' title='bbox 1895 3396 1920 3437; x_wconf 94' lang='lat'><strong>,</strong></span> <span class='ocrx_word' id='word_1_224' title='bbox 2005 3344 2132 3441; x_wconf 85' lang='lat' dir='ltr'><strong>qui·</strong></span> <span class='ocrx_word' id='word_1_225' title='bbox 2170 3339 2582 3441; x_wconf 71' lang='lat' dir='ltr'><strong>Oldeuburgi</strong></span> <span class='ocrx_word' id='word_1_226' title='bbox 2621 3421 2625 3425; x_wconf 61' lang='grc'><strong>,</strong></span> 
     </span>
     <span class='ocr_line' id='line_1_29' title="bbox 277 3445 2581 3545; baseline -0.002 -25"><span class='ocrx_word' id='word_1_227' title='bbox 277 3463 284 3470; x_wconf 84' lang='grc'><strong><em>’</em></strong></span> <span class='ocrx_word' id='word_1_228' title='bbox 321 3445 773 3520; x_wconf 65' lang='grc' dir='ltr'><strong>,ευίιοίαῐοίιασ</strong></span> <span class='ocrx_word' id='word_1_229' title='bbox 810 3470 1079 3520; x_wconf 89' lang='lat' dir='ltr'><strong>munere</strong></span> <span class='ocrx_word' id='word_1_230' title='bbox 1126 3447 1553 3543; x_wconf 83' lang='lat' dir='ltr'><strong>fungebatur.</strong></span> <span class='ocrx_word' id='word_1_231' title='bbox 1534 3474 1553 3492; x_wconf 93' lang='lat'><strong>·</strong></span> <span class='ocrx_word' id='word_1_232' title='bbox 1608 3451 1721 3545; x_wconf 88' lang='lat' dir='ltr'><strong>qui</strong></span> <span class='ocrx_word' id='word_1_233' title='bbox 1768 3446 1937 3519; x_wconf 87' lang='lat' dir='ltr'><strong>liber</strong></span> <span class='ocrx_word' id='word_1_234' title='bbox 1986 3448 2207 3520; x_wconf 88' lang='lat' dir='ltr'><strong>statim</strong></span> <span class='ocrx_word' id='word_1_235' title='bbox 2269 3447 2338 3517; x_wconf 93' lang='lat' dir='ltr'><strong>in</strong></span> <span class='ocrx_word' id='word_1_236' title='bbox 2389 3471 2581 3543; x_wconf 85' lang='lat' dir='ltr'><strong>gym-</strong></span> 
     </span>
     <span class='ocr_line' id='line_1_30' title="bbox 299 3547 2580 3647; baseline 0.002 -28"><span class='ocrx_word' id='word_1_237' title='bbox 299 3615 304 3618; x_wconf 18' lang='grc' dir='ltr'><strong>Λ</strong></span> <span class='ocrx_word' id='word_1_238' title='bbox 336 3549 594 3622; x_wconf 86' lang='lat' dir='ltr'><strong>nasium</strong></span> <span class='ocrx_word' id='word_1_239' title='bbox 645 3547 1187 3647; x_wconf 76' lang='lat' dir='ltr'><strong>Oldeuburgense</strong></span> <span class='ocrx_word' id='word_1_240' title='bbox 1239 3560 1343 3625; x_wconf 92' lang='lat' dir='ltr'><strong>est</strong></span> <span class='ocrx_word' id='word_1_241' title='bbox 1390 3552 1841 3638; x_wconf 75' lang='lat' dir='ltr'><strong>introductus,</strong></span> <span class='ocrx_word' id='word_1_242' title='bbox 1906 3550 2213 3646; x_wconf 85' lang='lat' dir='ltr'><strong>brevique</strong></span> <span class='ocrx_word' id='word_1_243' title='bbox 2261 3561 2415 3647; x_wconf 87' lang='lat' dir='ltr'><strong>post</strong></span> <span class='ocrx_word' id='word_1_244' title='bbox 2462 3574 2580 3623; x_wconf 88' lang='lat' dir='ltr'><strong>re-</strong></span> 
     </span>
     <span class='ocr_line' id='line_1_31' title="bbox 338 3650 2581 3803; baseline -0.001 -76"><span class='ocrx_word' id='word_1_245' title='bbox 338 3660 571 3751; x_wconf 80' lang='lat' dir='ltr'><strong>ceptus</strong></span> <span class='ocrx_word' id='word_1_246' title='bbox 623 3653 821 3726; x_wconf 87' lang='lat' dir='ltr'><strong>etiam</strong></span> <span class='ocrx_word' id='word_1_247' title='bbox 867 3653 940 3726; x_wconf 92' lang='lat' dir='ltr'><strong>in</strong></span> <span class='ocrx_word' id='word_1_248' title='bbox 989 3654 1140 3727; x_wconf 87' lang='lat' dir='ltr'><strong>aliis</strong></span> <span class='ocrx_word' id='word_1_249' title='bbox 1190 3655 1434 3728; x_wconf 87' lang='lat' dir='ltr'><strong>scholis</strong></span> <span class='ocrx_word' id='word_1_250' title='bbox 1478 3655 1937 3803; x_wconf 23' lang='lat' dir='ltr'><strong>’adhibitusque</strong></span> <span class='ocrx_word' id='word_1_251' title='bbox 1966 3652 2356 3728; x_wconf 85' lang='lat' dir='ltr'><strong>lectionibus</strong></span> <span class='ocrx_word' id='word_1_252' title='bbox 2389 3650 2581 3727; x_wconf 86' lang='lat' dir='ltr'><strong>Aca-</strong></span> 
     </span>
    </p>
   </div>
   <div class='ocr_carea' id='block_1_5' title="bbox 203 3756 635 3829">
    <p class='ocr_par' dir='ltr' id='par_1_5' title="bbox 203 3756 635 3829">
     <span class='ocr_line' id='line_1_32' title="bbox 203 3756 635 3829; baseline 0.002 -1"><span class='ocrx_word' id='word_1_253' title='bbox 203 3785 210 3789; x_wconf 78' lang='lat'><strong>·</strong></span> <span class='ocrx_word' id='word_1_254' title='bbox 338 3756 635 3829; x_wconf 79' lang='lat' dir='ltr'><strong>demiciS.</strong></span> 
     </span>
    </p>
   </div>
   <div class='ocr_carea' id='block_1_6' title="bbox 336 3858 2581 4580">
    <p class='ocr_par' dir='ltr' id='par_1_6' title="bbox 336 3858 2581 4580">
     <span class='ocr_line' id='line_1_33' title="bbox 540 3858 2581 3959; baseline 0 -27"><span class='ocrx_word' id='word_1_255' title='bbox 540 3858 650 3934; x_wconf 88' lang='lat' dir='ltr'><strong>Ita</strong></span> <span class='ocrx_word' id='word_1_256' title='bbox 700 3883 897 3958; x_wconf 89' lang='lat' dir='ltr'><strong>quum</strong></span> <span class='ocrx_word' id='word_1_257' title='bbox 946 3861 1156 3957; x_wconf 84' lang='lat' dir='ltr'><strong>magis</strong></span> <span class='ocrx_word' id='word_1_258' title='bbox 1205 3861 1541 3959; x_wconf 85' lang='lat' dir='ltr'><strong>magisque</strong></span> <span class='ocrx_word' id='word_1_259' title='bbox 1587 3860 2045 3953; x_wconf 81' lang='lat' dir='ltr'><strong>inclaruisset,</strong></span> <span class='ocrx_word' id='word_1_260' title='bbox 2113 3868 2384 3933; x_wconf 82' lang='lat' dir='ltr'><strong>vocatus</strong></span> <span class='ocrx_word' id='word_1_261' title='bbox 2436 3867 2581 3932; x_wconf 89' lang='lat' dir='ltr'><strong>erat</strong></span> 
     </span>
     <span class='ocr_line' id='line_1_34' title="bbox 338 3961 2578 4061; baseline 0 -26"><span class='ocrx_word' id='word_1_262' title='bbox 338 3962 424 4035; x_wconf 93' lang='lat' dir='ltr'><strong>ad</strong></span> <span class='ocrx_word' id='word_1_263' title='bbox 474 3986 706 4035; x_wconf 89' lang='lat' dir='ltr'><strong>munus</strong></span> <span class='ocrx_word' id='word_1_264' title='bbox 756 3961 1230 4038; x_wconf 87' lang='lat' dir='ltr'><strong>Academicum</strong></span> <span class='ocrx_word' id='word_1_265' title='bbox 1278 3964 1347 4035; x_wconf 91' lang='lat' dir='ltr'><strong>in</strong></span> <span class='ocrx_word' id='word_1_266' title='bbox 1397 3964 1707 4037; x_wconf 72' lang='lat' dir='ltr'><strong>Batavisz</strong></span> <span class='ocrx_word' id='word_1_267' title='bbox 1772 3964 1947 4061; x_wconf 87' lang='lat' dir='ltr'><strong>quod</strong></span> <span class='ocrx_word' id='word_1_268' title='bbox 2012 3971 2259 4036; x_wconf 83' lang='lat' dir='ltr'><strong>tamen</strong></span> <span class='ocrx_word' id='word_1_269' title='bbox 2298 3972 2368 4036; x_wconf 90' lang='lat' dir='ltr'><strong>et</strong></span> <span class='ocrx_word' id='word_1_270' title='bbox 2415 3987 2578 4061; x_wconf 87' lang='lat' dir='ltr'><strong>pro-</strong></span> 
     </span>
     <span class='ocr_line' id='line_1_35' title="bbox 336 4066 2577 4165; baseline -0 -27"><span class='ocrx_word' id='word_1_271' title='bbox 336 4075 487 4165; x_wconf 90' lang='lat' dir='ltr'><strong>pter</strong></span> <span class='ocrx_word' id='word_1_272' title='bbox 535 4066 705 4139; x_wconf 89' lang='lat' dir='ltr'><strong>caeli</strong></span> <span class='ocrx_word' id='word_1_273' title='bbox 751 4066 1080 4139; x_wconf 89' lang='lat' dir='ltr'><strong>humidam</strong></span> <span class='ocrx_word' id='word_1_274' title='bbox 1128 4070 1534 4165; x_wconf 85' lang='lat' dir='ltr'><strong>temperiem,</strong></span> <span class='ocrx_word' id='word_1_275' title='bbox 1588 4075 1657 4140; x_wconf 84' lang='lat' dir='ltr'><strong>et</strong></span> <span class='ocrx_word' id='word_1_276' title='bbox 1707 4067 1878 4164; x_wconf 90' lang='lat' dir='ltr'><strong>quod</strong></span> <span class='ocrx_word' id='word_1_277' title='bbox 1915 4067 2177 4163; x_wconf 83' lang='lat' dir='ltr'><strong>linguae</strong></span> <span class='ocrx_word' id='word_1_278' title='bbox 2225 4066 2401 4138; x_wconf 88' lang='lat' dir='ltr'><strong>illius</strong></span> <span class='ocrx_word' id='word_1_279' title='bbox 2453 4090 2577 4137; x_wconf 85' lang='lat' dir='ltr'><strong>usu</strong></span> 
     </span>
     <span class='ocr_line' id='line_1_36' title="bbox 338 4166 2577 4267; baseline -0.001 -26"><span class='ocrx_word' id='word_1_280' title='bbox 338 4192 473 4242; x_wconf 89' lang='lat' dir='ltr'><strong>non</strong></span> <span class='ocrx_word' id='word_1_281' title='bbox 523 4170 685 4242; x_wconf 87' lang='lat' dir='ltr'><strong>satis</strong></span> <span class='ocrx_word' id='word_1_282' title='bbox 735 4171 1135 4243; x_wconf 85' lang='lat' dir='ltr'><strong>exercitatus</strong></span> <span class='ocrx_word' id='word_1_283' title='bbox 1186 4179 1387 4265; x_wconf 86' lang='lat' dir='ltr'><strong>esset,</strong></span> <span class='ocrx_word' id='word_1_284' title='bbox 1441 4195 1571 4244; x_wconf 89' lang='lat' dir='ltr'><strong>non</strong></span> <span class='ocrx_word' id='word_1_285' title='bbox 1624 4170 2079 4267; x_wconf 87' lang='lat' dir='ltr'><strong>accipiendum</strong></span> <span class='ocrx_word' id='word_1_286' title='bbox 2131 4169 2340 4241; x_wconf 84' lang='lat' dir='ltr'><strong>duxit.</strong></span> <span class='ocrx_word' id='word_1_287' title='bbox 2422 4166 2577 4242; x_wconf 76' lang='lat' dir='ltr'><strong>Non</strong></span> 
     </span>
     <span class='ocr_line' id='line_1_37' title="bbox 339 4272 2577 4372; baseline -0.001 -26"><span class='ocrx_word' id='word_1_288' title='bbox 339 4273 555 4372; x_wconf 85' lang='lat' dir='ltr'><strong>potuit</strong></span> <span class='ocrx_word' id='word_1_289' title='bbox 617 4280 838 4346; x_wconf 89' lang='lat' dir='ltr'><strong>tamen</strong></span> <span class='ocrx_word' id='word_1_290' title='bbox 902 4273 1148 4346; x_wconf 86' lang='lat' dir='ltr'><strong>evitare</strong></span> <span class='ocrx_word' id='word_1_291' title='bbox 1211 4275 1367 4371; x_wconf 87' lang='lat' dir='ltr'><strong>quin</strong></span> <span class='ocrx_word' id='word_1_292' title='bbox 1433 4298 1734 4371; x_wconf 85' lang='lat' dir='ltr'><strong>maguam</strong></span> <span class='ocrx_word' id='word_1_293' title='bbox 1794 4275 2092 4347; x_wconf 88' lang='lat' dir='ltr'><strong>fortunae</strong></span> <span class='ocrx_word' id='word_1_294' title='bbox 2148 4272 2577 4344; x_wconf 82' lang='lat' dir='ltr'><strong>mutationem</strong></span> 
     </span>
     <span class='ocr_line' id='line_1_38' title="bbox 343 4373 2577 4475; baseline 0 -28"><span class='ocrx_word' id='word_1_295' title='bbox 343 4376 613 4468; x_wconf 81' lang='lat' dir='ltr'><strong>subiret,</strong></span> <span class='ocrx_word' id='word_1_296' title='bbox 665 4399 863 4475; x_wconf 87' lang='lat' dir='ltr'><strong>quum</strong></span> <span class='ocrx_word' id='word_1_297' title='bbox 914 4399 1084 4450; x_wconf 88' lang='lat' dir='ltr'><strong>anno</strong></span> <span class='ocrx_word' id='word_1_298' title='bbox 1135 4376 1601 4454; x_wconf 87' lang='lat' dir='ltr'><strong>MDGGGXI.</strong></span> <span class='ocrx_word' id='word_1_299' title='bbox 1654 4377 1924 4451; x_wconf 84' lang='lat' dir='ltr'><strong>inferior</strong></span> <span class='ocrx_word' id='word_1_300' title='bbox 1975 4373 2336 4450; x_wconf 83' lang='lat' dir='ltr'><strong>Germania</strong></span> <span class='ocrx_word' id='word_1_301' title='bbox 2387 4377 2577 4449; x_wconf 88' lang='lat' dir='ltr'><strong>occi-</strong></span> 
     </span>
     <span class='ocr_line' id='line_1_39' title="bbox 346 4477 2577 4580; baseline 0.001 -28"><span class='ocrx_word' id='word_1_302' title='bbox 346 4478 619 4554; x_wconf 86' lang='lat' dir='ltr'><strong>dentalis</strong></span> <span class='ocrx_word' id='word_1_303' title='bbox 666 4480 940 4580; x_wconf 88' lang='lat' dir='ltr'><strong>imperio</strong></span> <span class='ocrx_word' id='word_1_304' title='bbox 1008 4477 1274 4556; x_wconf 84' lang='lat' dir='ltr'><strong>Gallico</strong></span> <span class='ocrx_word' id='word_1_305' title='bbox 1340 4491 1516 4556; x_wconf 87' lang='lat' dir='ltr'><strong>esset</strong></span> <span class='ocrx_word' id='word_1_306' title='bbox 1580 4482 1860 4556; x_wconf 86' lang='lat' dir='ltr'><strong>adiecta.</strong></span> <span class='ocrx_word' id='word_1_307' title='bbox 1979 4478 2154 4554; x_wconf 90' lang='lat' dir='ltr'><strong>Nam</strong></span> <span class='ocrx_word' id='word_1_308' title='bbox 2219 4480 2458 4553; x_wconf 87' lang='lat' dir='ltr'><strong>invitus</strong></span> <span class='ocrx_word' id='word_1_309' title='bbox 2512 4488 2577 4554; x_wconf 88' lang='lat' dir='ltr'><strong>et</strong></span> 
     </span>
    </p>
   </div>
  </div>
 </body>
</html>
