3275 5317
812 446 1288 509 EanloNE
1330 446 2051 510 LYCOPHRONIS.
2415 444 2545 512 233

324 606 599 683 inveniri
645 616 942 706 possunt,
994 631 1161 705 quae
1212 604 1455 704 aliquid
1518 607 1829 680 momenti
1893 608 1979 680 ad
2041 608 2336 682 criticam
2400 617 2547 684 tra·-

323 711 677 786 ctationem
724 711 1039 783 habeant:
1090 709 1159 782 id
1208 710 1383 807 quod
1429 710 1599 781 infra
1650 710 2012 808 apparebit.

527 811 670 886 Sed
720 821 797 885 ut
844 812 930 885 ad
978 813 1105 885 hoc
1152 813 1392 910 ipsum,
1446 813 1958 886 emendationem
2017 812 2390 909 tragoediae
2441 813 2547 886 di-

324 942 431 1009 co,
485 916 1059 1013 adnotationesque
1110 916 1497 989 accedamus
1512 968 1537 1007 ,
1602 916 1674 987 in
1726 916 1953 1013 quibus
2005 916 2395 989 constitutae
2442 916 2549 989 le-

323 1018 563 1092 ctionis
627 1019 798 1091 ratio
860 1018 1152 1090 redditur
1163 1071 1189 1112 ,
1255 1044 1389 1091 non
1456 1019 1667 1091 solum
1731 1018 2130 1092 incredibilis
2193 1018 2309 1089 illa
2357 1027 2550 1117 atque

320 1121 816 1194 accuratissima
865 1121 1197 1218 diligentia
1242 1121 1567 1195 laudanda
1615 1129 1742 1214 est,
1797 1146 1923 1219 qua
1971 1129 2106 1194 tam
2131 1118 2381 1193 infinita
2429 1147 2553 1195 co-

165 1270 176 1275 -
322 1224 435 1322 pia
484 1224 953 1321 scripturarum
986 1224 1289 1316 collecta,
1343 1225 1663 1317 ordinata,
1714 1224 2001 1297 iudicata
2033 1215 2160 1316 est,
2213 1223 2328 1295 sed
2353 1244 2552 1322 prae-‘-

322 1327 606 1399 dicanda
671 1327 865 1398 etiam
933 1349 1325 1424 magnopere
1354 1328 1734 1399 'moderatio
1803 1335 1871 1399 et
1936 1326 2433 1423 circumspectio
2484 1327 2555 1399 in

322 1453 451 1500 usu
500 1437 636 1501 tam
688 1429 885 1527 ampli
932 1429 1365 1501 instrumenti.
1467 1427 1578 1502 Ac
1627 1431 1735 1504 vel
1781 1429 2099 1527 praefatio
2168 1429 2553 1503 documento

324 1540 453 1624 est,
508 1555 703 1628 quam
754 1532 1011 1604 curiose
1065 1531 1327 1603 codices
1358 1532 1532 1604 inter
1564 1557 1636 1605 se
1681 1531 2063 1630 comparati,
2118 1532 2555 1628 singulorum-

322 1659 454 1731 que
505 1633 787 1731 pretium
839 1641 906 1705 et
955 1633 1223 1705 virtutes
1275 1641 1537 1707 notatae
1589 1636 1742 1708 sint.
1865 1635 2014 1727 Quo
2077 1635 2148 1707 in
2211 1659 2448 1730 genere
2495 1635 2559 1707 si

323 1736 673 1834 aliquando
726 1735 970 1833 aliquid
1015 1735 1383 1832 neglectum
1437 1745 1562 1830 est,
1614 1737 1809 1810 facile
1862 1738 2350 1810 excusationem
2413 1738 2556 1810 leve

323 1846 676 1938 peccatum
724 1838 796 1909 in
843 1846 1028 1912 tanta
1076 1839 1270 1936 copia
1319 1841 1788 1937 scripturarum
1835 1840 2157 1933 inveniet,
2223 1848 2299 1912 ut
2362 1864 2559 1937 quum

323 1967 398 2040 p.
449 1939 654 2013 XVI.
709 1941 995 2013 sedecim
1061 1939 1361 2040 exempla
1424 1942 1842 2015 omissionum
1858 1995 1883 2035 ,
1937 1967 2103 2040 quae
2154 1950 2372 2015 tamen
2420 1943 2557 2015 fere

325 2068 689 2143 paucarum
749 2044 1110 2116 litterarum
1162 2053 1315 2118 sunt
1328 2096 1355 2137 ,
1432 2045 1504 2115 in
1554 2045 1704 2118 cod.
1771 2044 1990 2117 Paris.
2056 2044 2118 2120 I.
2187 2069 2559 2118 memoran-

328 2157 464 2240 tur,
518 2147 636 2219 sed
699 2148 766 2219 in
819 2147 1339 2220 adnotationibus
1389 2148 1474 2220 ad
1523 2173 1585 2221 v.
1620 2151 1780 2220 ⁸14.
1836 2149 1961 2222 58.
2006 2151 2128 2221 69.
2173 2148 2340 2221 125.
2388 2147 2558 2221 158.

338 2254 537 2339 1207
540 2266 597 2320 .·
629 2249 790 2349 nihil
856 2250 1170 2322 eiusmodi
1250 2251 1626 2324 adnotatum
1689 2259 1827 2324 esta
1897 2250 2072 2349 quod
2134 2259 2367 2324 contra
2431 2275 2562 2324 non

329 2354 533 2431 allata
596 2360 696 2425 est
731 2352 828 2424 *in
893 2353 1176 2426 sedecim
1252 2354 1383 2428 illis
1447 2344 1685 2452 magna
1752 2354 2023 2427 duorum
2088 2354 2562 2428 dimidiatorum

330 2480 637 2529 versuum
703 2455 966 2529 omissio
1028 2482 1091 2529 v.
1164 2459 1339 2530 680.
1455 2455 1538 2529 In
1600 2457 2120 2530 adnotationibus
2182 2457 2565 2531 Bachman-

332 2583 456 2631 nus
505 2583 642 2631 non
691 2560 901 2631 solum
952 2561 1169 2633 attulit
1222 2560 1583 2657 scripturae
1650 2561 2088 2655 diversitates,
2157 2560 2273 2632 sed
2339 2561 2562 2653 etiam,

334 2664 714 2763 plerumque
764 2663 993 2759 paucis
1044 2663 1284 2754 verbis,
1341 2663 1755 2757 diiudicavit,
1836 2687 2033 2759 saepe
2098 2672 2315 2735 autem
2365 2664 2564 2736 etiam

336 2766 727 2862 explicatius
780 2788 964 2836 suam
1014 2767 1422 2857 sententiam,
1477 2774 1543 2837 et
1591 2766 1730 2837 sere
1780 2766 2062 2838 refutato
2124 2766 2406 2837 Miillero
2458 2765 2561 2837 vel

334 2866 756 2960 Sebastiano,
809 2868 1136 2965 exposuit.
1243 2868 1436 2960 Quod
1488 2868 1572 2938 ad
1621 2867 1973 2940 Miillerum
2035 2868 2302 2961 attinet,
2354 2868 2562 2939 virum

335 2971 566 3045 schola
626 2969 911 3065 regenda
984 2971 1333 3043 maximam
1397 2971 1629 3043 merito
1709 2969 1968 3042 laudem
2033 2970 2336 3067 adeptum
2352 3024 2377 3057 ,
2449 2971 2564 3067 qui

334 3099 408 3147 se
458 3074 545 3145 ad
595 3070 1094 3171 Lycophronem
1144 3075 1276 3145 iam
1326 3098 1529 3145 senex
1595 3098 1720 3145 nec
1784 3073 2220 3146 recentiorum
2279 3073 2566 3170 philolo-

335 3177 493 3274 giae·
533 3200 999 3273 progressuum
1048 3177 1278 3249 notitia
1310 3178 1469 3249 satis
1519 3177 1877 3249 instructus
1929 3177 2320 3267 contulerat,
2373 3176 2564 3248 huius

196 3282 209 3293 “
334 3304 572 3379 parum
652 3280 1018 3376 probabiles
1082 3280 1496 3352 coniecturae
1572 3280 1711 3352 fere
1776 3280 1882 3353 vel
1944 3279 2201 3352 silentio
2265 3287 2567 3377 praeter-

337 3383 537 3476 mitti,
591 3383 697 3454 vel
744 3383 973 3479 paucis
1022 3383 1234 3455 verbis
1284 3382 1471 3455 reiici
1520 3382 1846 3481 poterant.
1949 3381 2306 3454 Praeterea
2331 3405 2570 3478 magna

339 3485 681 3582 diligentia
746 3508 910 3582 quae
973 3484 1086 3556 alii
1148 3485 1502 3583 scriptores
1565 3511 1655 3559 ex
1716 3483 2174 3582 Lycophronis
2226 3484 2568 3581 tragoedia
2616 3506 2622 3512 ·

339 3590 699 3661 attulerunt
711 3639 735 3680 ,
788 3587 1118 3661 adnotavit
1164 3588 1622 3661 Bachmannus
1638 3615 1662 3661 z
1715 3590 2023 3660 miramur
2082 3596 2298 3660 tamen
2315 3639 2339 3678 ,
2393 3587 2565 3685 quod

242 3718 256 3741 ·
341 3692 682 3790 praeteriit
745 3688 1266 3787 Etymologicum
1334 3690 1708 3765 Gudianum
1725 3744 1750 3785 ,
1814 3692 1883 3761 in
1951 3715 2077 3788 quo
2140 3688 2564 3789 Lycophron,

344 3803 542 3893 atque
593 3793 934 3890 aliquoties
985 3814 1134 3867 cum
1185 3795 1402 3892 aliqua
1452 3795 1824 3866 diversitate
1874 3795 2264 3890 scripturae,
2315 3817 2568 3866 memo-

343 3908 529 3979 ratur
595 3896 697 3969 his
757 3897 961 3969 locis:
1031 3922 1096 3969 v.
1153 3900 1276 3970 20.
1345 3922 1412 3995 p.
1476 3901 1648 3990 130,
1710 3901 1827 3969 13.
1892 3900 2071 3989 442,
2128 3900 2252 3969 37.
2319 3921 2383 3969 v.
2440 3899 2563 3967 23.

346 4023 416 4098 p.
471 4002 651 4091 290,
711 4001 828 4071 16.
880 4025 944 4073 v.
1003 4004 1173 4073 131.
1226 4025 1295 4096 p.
1327 4003 1502 4093 302,
1533 4003 1656 4072 36.
1708 4025 1773 4073 v.
1827 3998 2002 4071 295.
2060 4002 2234 4071 296.
2286 4022 2355 4095 p.
2386 3997 2568 4090 351,

359 4107 476 4175 19.
531 4128 595 4175 V.
652 4105 826 4175 338.
878 4127 947 4201 p.
1000 4107 1180 4196 479,
1234 4106 1360 4176 21.
1410 4129 1475 4177 v.
1531 4103 1708 4177 605.
1773 4128 1844 4201 p.
1898 4106 2073 4193 299,
2127 4105 2203 4173 4.
2269 4126 2334 4174 v.
2387 4104 2566 4175 772.

354 4229 424 4302 Ρ.
476 4208 656 4297 498,
710 4209 835 4277 49.
889 4231 953 4278 v.
1014 4206 1236 4279 1165.
1301 4231 1372 4305 Ρ.
1426 4207 1603 4300 586,
1657 4211 1785 4279 39.
1849 4231 1913 4278 v·
1974 4207 2194 4277 1264.
2261 4228 2333 4303 Ρ.
2386 4207 2564 4296 429,

359 4310 480 4382 28.
534 4333 598 4382 v.
659 4308 1218 4385 1385—1387.
1269 4335 1338 4408 p.
1394 4313 1572 4403 302,
1623 4311 1751 4384 47.

562 4409 931 4509 Aliquando
981 4412 1224 4510 aliquid
1273 4412 1691 4488 obscuritatis
1717 4412 1789 4485 in
1813 4409 2251 4508 discrepantia
2276 4409 2566 4508 scriptu-
