3275 5317
704 475 798 550 η
1180 499 1185 504 ·
1571 473 2053 541 EPISTOLA

707 636 883 741 quod
930 648 1246 715 accurata
1291 639 1744 715 observatione
1792 639 1931 714 ven·
1981 638 2252 716 dietum.
2369 637 2546 715 Nam
2593 665 2728 716 uno
2774 624 2978 716 cane*

702 745 989 819 btrante
1049 743 1336 843 proximi
1398 743 1596 817 vieini
1661 741 1846 817 canis
1909 751 1980 818 et
2041 744 2146 819 sic
2207 740 2522 844 deinceps
2577 765 2807 819 omnes
2869 745 2942 819 in

702 845 1006 924 omnibus
1067 847 1337 921 cedibus
1403 869 1529 945 per
1587 853 1795 922 totam
1861 845 2149 945 plateam
2242 848 2641 923 excitentur.
2788 844 2944 922 Eo-

703 951 853 1025 dem
880 950 1072 1034 modo
1121 947 1309 1045 illud,
1358 869 1535 1049 quod
1582 971 1786 1049 supra
1832 946 2208 1047 afferebam,
2280 959 2466 1028 reete
2513 951 2683 1028 dixit
2727 948 2942 1026 Enri-
3083 937 3092 955 '

703 1054 919 1153 pides,

904 1218 913 1227 .
1113 1153 1266 1233 ἀνὰ
1317 1151 1405 1233 δὲ
1453 1153 1784 1241 κέλαδος
1815 1156 2029 1256 ἔμολε
2079 1153 2326 1249 πόλιν,

701 1294 927 1369 statim
974 1293 1089 1367 ille
1136 1293 1518 1389 subiiciens,

1007 1392 1377 1530 πέλευσμα
1425 1430 1514 1509 δ’
1564 1425 1666 1529 ἦν
1711 1430 1875 1508 κατ’
1929 1431 2126 1509 ἄστυ
2185 1430 2459 1534 Τροίας
2507 1429 2707 1509 τόδε.

698 1568 877 1644 Nam
922 1567 1114 1643 hoste
1160 1576 1364 1643 noctu
1410 1568 1613 1643 irrum
1770 1592 1810 1644 e
1859 1568 2109 1645 clamor
2169 1595 2214 1645 a
2259 1571 2581 1671 proximis
2647 1570 2943 1645 sublatus

700 1672 1015 1771 deinceps
1075 1694 1201 1772 per
1274 1679 1481 1748 totam
1546 1696 1628 1745 ιιι·
1672 1695 1782 1746 em
1843 1680 1947 1748 est
2008 1682 2471 1773 perpetuatas:
2538 1674 2658 1748 sed
2718 1675 2942 1747 hostes

691 1776 836 1868 ‘iam
884 1800 1016 1849 non
1067 1774 1296 1850 ordine
1345 1782 1419 1850 et
1462 1776 1605 1873 iugi
1651 1784 1882 1851 tenore
1930 1797 2006 1850 se
2053 1777 2335 1852 invicem
2384 1778 2469 1851 ad
2519 1777 2790 1852 caedem
2815 1776 2944 1849 ad-

699 1878 1152 1973 hortabantur,
1202 1904 1429 1953 verum
1476 1880 1609 1954 hue
1660 1880 1821 1954 illue
1868 1887 2134 1954 ruentes
2198 1880 2347 1955 aliis
2411 1887 2608 1981 atque
2673 1880 2820 1954 aliis
2870 1878 2943 1953 in

698 1981 869 2056 locis
918 1982 1046 2056 sibi
1094 1982 1569 2056 acclamabant.
1708 1977 1794 2057 Si
1841 1989 2279 2082 permutasset
2347 1982 2451 2057 his
2526 1983 2600 2056 iu
2647 1961 2944 2058 versibus

696 2085 1216 2186 praepositiones
1262 2086 1413 2159 illas
1460 2007 1927 2186 Euripides,Pe
1900 2095 2176 2187 utroque
2225 2087 2297 2161 in
2338 2110 2531 2161 versu
2553 2087 2777 2186 inepte
2825 2109 2944 2160 es-

695 2196 805 2263 set
851 2190 1184 2286 loquutus-

662 2283 668 2288 ’
901 2290 1095 2365 Haec
1158 2292 1221 2363 si
1281 2296 1467 2364 recte
1531 2286 1673 2362 dixi
1685 2337 1716 2412 ⁹.
1776 2290 2101 2365 removeri
2148 2291 2237 2365 ab
2285 2290 2439 2370 ἀνὰ
2502 2284 2764 2367 debebit
2824 2287 2943 2363 illa

696 2399 917 2468 motus
963 2393 1179 2467 ultro
1172 2394 1488 2491 citroque
1537 2392 1754 2467 euntis
1804 2392 2198 2491 significatio
2211 2442 2241 2489 ‚
2306 2396 2615 2494 solusque
2662 2393 2942 2493 relinqui

693 2499 759 2573 is
806 2505 1050 2592 motus,
1113 2497 1227 2595 qui
1295 2503 1579 2595 coepto
1598 2496 1804 2571 semel
1867 2505 2095 2572 tenore
2156 2498 2591 2597 protenditur.
2705 2496 2942 2597 Itaque

697 2625 785 2675 ne
831 2600 996 2674 illud
1045 2599 1304 2698 quidem
1368 2622 1535 2700 opus
1599 2607 1707 2674 est
1717 2651 1745 2694 ,
1812 2600 1988 2700 quod
2049 2601 2216 2677 dicis
2281 2625 2353 2701 p.
2430 2605 2553 2678 13.
2612 2602 2939 2678 interdum

698 2702 853 2783 ἀνὰ
905 2702 1120 2803 apud
1165 2700 1564 2801 significare,
1613 2711 1692 2778 ιιι
1738 2703 1811 2779 in
1857 2703 2014 2779 illo·

904 2840 1062 2919 αλλ’
1116 2840 1367 2927 αὕτως
1417 2836 1796 2942 ἀλάλημαι
1847 2840 1965 2920 ἄν’
2019 2840 2428 2944 εὐρυπυλὲς
2455 2839 2734 2930 ”Amos
2797 2843 2933 2922 δω.

699 2979 874 3057 Nam
920 2982 1050 3056 hoc
1115 3005 1370 3080 quoque
1431 2987 1615 3054 recte
1688 2978 1935 3054 dixeris
2002 2968 2401 3056 Germanice
2466 2981 2715 3075 lange.
2826 2979 2937 3056 Eo

699 3085 898 3160 etiam
949 3085 1079 3157 alia
1126 3085 1481 3182 pertinent,
1533 3108 1703 3184 quae
1753 3085 1873 3159 tibi
1921 3084 2067 3159 visa
2113 3093 2268 3166 sunt
2317 3085 2508 3161 aliter
2549 3085 2941 3208 explicanda
3095 3139 3106 3148 -

699 3212 885 3261 esse.
935 3194 1012 3259 ut
1045 3186 1197 3262 ἀνὰ
1220 3188 1479 3286 μέσον,
1533 3188 1708 3286 quod
1730 3187 1994 3286 proprie
2021 3196 2149 3281 est,
2188 3194 2266 3261 ut
2291 3213 2412 3262 nos
2451 3189 2801 3287 loquimur,
2851 3188 2939 3262 in

696 3289 841 3362 der
867 3285 1103 3363 Motte
1130 3285 1295 3384 Iam,
1347 3287 1416 3363 et
1455 3289 1630 3388 quod
1700 3292 1874 3363 ..14
1928 3289 2150 3384 affere,
2204 3287 2355 3368 οἰνοὶ
2397 3298 2616 3390 χεῖρα
2643 3289 2937 3391 σκαιήν,

695 3392 887 3469 uobis
936 3413 1044 3466 cm
1092 3390 1235 3465 der
1282 3314 1539 3465 anem
1672 3390 1837 3464 and
1880 3389 2046 3467 hin.
2142 3390 2529 3494 Eodemque
2577 3397 2771 3471 modo
2878 3469 2882 3473 ,

948 3535 949 3540 ’
1105 3527 1511 3630 στησόμεθ’
1564 3560 1680 3631 αμ
1728 3517 2091 3635 πύργους,

696 3671 857 3768 auf
895 3668 1037 3743 der
1084 3667 1376 3743 Mamer
1424 3666 1586 3744 hm.
1687 3666 1910 3765 Vnde,
1959 3668 2077 3743 ubi
2123 3668 2369 3770 aliquid
2429 3693 2668 3772 expers
2717 3679 2934 3747 motus

696 3799 819 3877 per
869 3773 1021 3852 ἀνὰ
1072 3794 1226 3848 cum
1276 3772 1655 3847 accusativo
1718 3769 2149 3868 describitur,
2213 3782 2593 3873 porrectum
2656 3775 2937 3872 cogitari

698 3879 978 3954 videtur.
1080 3877 1305 3972 Quare
1352 3869 1698 3976 Euripidis
1742 3876 1936 3973 illud,

1004 4013 1145 4093 τίν’
1198 4012 1351 4091 ἄνα
1389 4014 1582 4115 χέρα
1633 4010 1923 4114 δόμους
1973 4016 2115 4113 ἔβα
2165 4011 2479 4102 Λοξίου,

558 4155 773 4240 139ἰιι
823 4180 951 4254 quo
1002 4178 1073 4254 p.
1134 4154 1257 4227 15.
1307 4153 1540 4228 merito
1587 4151 1836 4227 notasti
1882 4149 2212 4226 levitatem
2263 4150 2430 4246 eius,
2482 4151 2595 4252 qui
2642 4177 2938 4253 praepo-

701 4257 1012 4334 sitionum
1061 4282 1318 4357 quoque
1367 4255 1706 4331 doctrinae
1753 4253 2056 4331 tenebras
2104 4280 2227 4353 pro
2275 4253 2426 4330 luce
2476 4255 2741 4352 affudit,
2808 4282 2933 4356 ego

697 4360 957 4461 quidem
1005 4386 1137 4434 non
1188 4362 1269 4434 de
1317 4359 1573 4435 sublato
1624 4359 1920 4434 manibus
1986 4382 2188 4458 puero
2205 4410 2231 4453 ‚
2298 4359 2415 4434 sed
2477 4358 2560 4435 de
2622 4368 2931 4457 porrecto

606 4462 1559 4556 ‘inulnisdietumcredm
