3275 5317
775 483 1260 545 EDlTIONE
1303 482 2027 548 LYCOPHRONIS.
2380 481 2507 549 251

487 642 579 717 V.
640 648 861 721 1164.
928 668 1268 720 censemus
1338 643 1643 765 ἱκέτιδες
1720 644 2094 744 interpretis
2174 669 2319 719 esse
2385 671 2508 745 pro

277 751 566 847 ἵκτορες
580 800 607 841 ,
660 746 835 845 quod
883 744 1196 845 Aeschyli
1261 748 1560 847 exemplo
1609 748 1682 819 in
1731 745 1974 848 Suppl.
2029 752 2205 822 661.
2259 775 2377 848 pro
2403 751 2513 823 fe-

278 850 523 929 minino
573 851 858 951 positum
906 859 1072 924 erat.

332 1017 344 1043 -·
486 983 577 1061 V.
639 990 862 1061 1204.
914 987 1017 1060 vel
1067 987 1149 1061 ob
1200 986 1689 1063 fluctuationem
1739 989 2105 1086 scripturae
2170 939 2517 1087 suspectus

282 1099 408 1164 est.
510 1090 592 1162 In
643 1099 895 1188 septem
961 1090 1296 1164 codicibus
1351 1099 1452 1165 est
1514 1088 1769 1188 νήσοις
1835 1091 1956 1167 δὲ
1986 1090 2397 1190 μακάρωνς
2447 1093 2518 1165 in

279 1218 413 1266 uno
465 1194 693 1265 eadem
758 1194 1085 1323 scriptura
1162 1193 1402 1275 omisso
1468 1192 1552 1269 δὲ
1621 1203 1876 1286 exstat3
1998 1196 2519 1326 quattuordecim

281 1296 523 1369 habent
572 1293 827 1393 νήσοις
875 1325 1246 1394 μακαρων
1298 1296 1424 1372 δ’·
1404 1350 1425 1387 ,
1479 1321 1650 1371 unus
1699 1296 2072 1399 μακάρων
2101 1299 2195 1394 δὴ
2225 1295 2518 1395 νήσοις·

281 1407 358 1475 ut
407 1407 706 1496 apertum
756 1401 881 1493 sit,
934 1400 1235 1499 librarios
1298 1401 1490 1474 metri
1552 1402 1818 1494 vitium,
1908 1402 2081 1501 quod
2143 1403 2215 1473 in
2264 1399 2520 1497 νήσοις

280 1499 655 1602 μακάρων
706 1501 786 1577 δ’
841 1503 1059 1576 inesse
1108 1502 1450 1596 videbant,
1521 1506 1853 1601 corrigere
1916 1506 2223 1581 voluisse.
2347 1503 2521 1578 Cre·-

283 1606 496 1678 dimus
566 1605 769 1702 igitur
814 1603 1320 1704 Lycophronem
1371 1617 1487 1681 aut
1535 1633 1577 1681 a
1603 1605 1940 1708 μάκαρς,
1993 1608 2168 1706 quod
2204 1607 2524 1706 Hephae·-
2664 1683 2668 1686 ,

283 1709 411 1783 stio
461 1733 533 1806 p.
591 1713 664 1802 3,
724 1713 843 1783 13.
899 1735 985 1782 ex
1035 1706 1358 1783 Alcmane
1409 1710 1633 1804 affert,
1705 1710 2120 1809 μακάρτων
2166 1713 2522 1808 genitivum

282 1812 628 1905 formasse,
683 1821 797 1884 aut
847 1812 1193 1910 scripsisse
1243 1823 1685 1912 ιιακαρτοῦν,
1743 1823 1815 1888 ut
1862 1811 2210 1887 Leonidas
2251 1814 2523 1886 Taren-

281 1915 458 1988 tinus
512 1916 721 2012 epigr.
776 1919 902 1989 69.
959 1917 1061 2010 (in
1110 1917 1472 2046 epitymbiis
1537 1915 1812 1992 Anthol.
1877 1916 2029 1992 Pal.
2095 1943 2163 1990 ιι.
2216 1920 2395 1991 740.
2447 1942 2520 2016 p.

284 2020 496 2112 683.)
550 2018 718 2091 dixit
769 2017 809 2094 ὅ
863 2027 1051 2094 πᾶσι
1099 2017 1505 2118 μακαρτός.

491 2136 722 2212 Etiam
787 2165 852 2213 v.
927 2143 1151 2214 1218.
1216 2141 1471 2215 incerta
1551 2144 1654 2214 est
1723 2141 2075 2240 scriptura.
2196 2105 2525 2232 Quattuor

288 2241 554 2316 codices
607 2250 674 2314 et
723 2242 1140 2341 paraphrasis
1191 2244 1506 2351 praebent
1556 2239 1861 2342 φύλακα
1880 2253 2040 2365 ,τῆς
2067 2242 2525 2343 μοναρχίας;

158 2416 165 2423 ,
287 2345 755 2444 septemdecim
803 2346 955 2417 libri
1009 2343 1310 2445 φύλακα
1359 2346 1777 2444 μοναρχίας
1843 2349 1984 2422 sine
2036 2347 2313 2427 articulo
2335 2399 2361 2439 ‚
2416 2347 2527 2450 qui

287 2466 444 2523 sane
520 2448 632 2527 hic
709 2449 896 2522 valde
969 2450 1218 2535 inutilis
1295 2458 1421 2529 est.
1549 2449 1706 2523 Non
1780 2449 2199 2527 dubitandum
2273 2451 2530 2527 videtur
2574 2491 2577 2494 ·

288 2552 444 2649 quin
498 2547 803 2651 φύλακα
855 2553 1209 2651 explicatio
1261 2554 1428 2626 alius
1479 2554 1782 2627 vocabuli
1831 2555 1956 2647 sit,
2026 2551 2200 2651 quod
2248 2554 2532 2627 fortasse

291 2652 555 2750 ῥύσιον
605 2655 753 2729 fuit.
890 2654 1089 2731 Certe
1155 2657 1283 2729 hoc
1351 2656 1683 2753 aliquanto
1749 2658 1956 2752 magis
2009 2658 2266 2755 placet,
2335 2681 2533 2754 quam

288 2757 590 2833 Ionicum
653 2755 884 2832 Attica
948 2759 1404 2838 terminatione
1472 2759 1698 2861 οὐρία
1713 2812 1740 2853 ,
1807 2756 2010 2857 quod'
2045 2760 2191 2857 quis
2255 2759 2531 2839 forsitan

292 2887 378 2937 ex
426 2861 761 2967 Hesychio
810 2869 1035 2960 petat..

497 2982 592 3056 V.
653 2983 876 3055 1222.
928 2983 1156 3056 vitium
1206 3007 1338 3055 non
1385 2983 1455 3054 in
1481 3007 1560 3055 eo
1610 2982 1967 3075 vocabulo,
2020 2981 2090 3053 in
2119 3006 2247 3079 quo
2284 2981 2532 3054 tribra-

296 3087 458 3159 chus
510 3093 636 3179 est,
691 3086 809 3159 sed
873 3086 944 3157 in
1007 3110 1392 3183 praegresso
1443 3087 1703 3158 nomine
1770 3082 2272 3183 Κλεισιθήρας
2325 3108 2531 3181 quae-

294 3190 590 3262 rendum.
708 3186 791 3261 Id
855 3214 1092 3262 nomen
1156 3190 1270 3260 vix
1319 3215 1440 3286 pro
1504 3190 1886 3289 incorrupto
1966 3190 2194 3261 haberi
2272 3196 2528 3286 potest=

296 3294 411 3366 sed
459 3293 609 3385 suit,
664 3293 918 3390 opinor,
973 3291 1147 3388 apud
1198 3293 1514 3389 antiquos
1551 3293 1774 3390 epicos
1823 3286 2316 3388 Κλεισιθύρη,Ι
2364 3316 2533 3365 con-

297 3395 850 3470 venientissimum
901 3419 1139 3467 nomen
1204 3396 1499 3489 mulieri,
1568 3395 1744 3493 quod
1810 3397 1891 3468 ab
1957 3393 2397 3495 Lycophrone
2460 3395 2532 3465 in

295 3496 683 3599 Κλειθύρα
732 3506 1074 3575 mutatum.
1099 3546 1105 3554 ·

501 3637 596 3711 V.
658 3640 878 3715 1242.
930 3637 1001 3708 in
1052 3661 1179 3736 quo
1233 3637 1519 3710 omnium
1566 3636 1828 3709 minime
1880 3626 2097 3733 aliqua
2124 3636 2341 3708 mendi
2375 3660 2535 3734 spe-

299 3743 435 3816 cies
489 3741 802 3832 cernitur,
857 3740 1041 3813 deest
1088 3741 1159 3812 in
1206 3740 1610 3839 paraphrasi.
1717 3740 2018 3869 Quinque
2085 3740 2347 3813 codices
2409 3740 2536 3811 ha-

299 3846 455 3919 bent
507 3852 832 3974 στρατῷ.
936 3841 1351 3917 Scholiastae
1403 3843 1731 3915 scribunt.
1785 3843 1972 3945 λέγει
2024 3839 2165 3918 οὗν
2209 3842 2311 3926 ὥς
2361 3839 2491 3918 ὃ
2414 3873 2530 3916 ια

306 3978 538 4046 φορος
592 3949 742 4040 ω’ν,
827 3945 1085 4077 φίλον
1108 3947 1284 4042 (sic)
1353 3945 1678 4044 στρατὸν
1757 3948 1989 4043 ἔχων,
2070 3942 2536 4045 συμβήσεται

305 4051 434 4127 διὰ
511 4082 691 4136 τας
731 4042 1085 4134 σπονδας.
1218 4047 1652 4148 Suspicamur
1735 4052 2109 4147 antiquam
2145 4050 2536 4146 scripturam

307 4155 543 4229 fuisse.
601 4154 746 4231 σὺν
797 4153 887 4228 δε
935 4178 1071 4253 σφι
1136 4151 1329 4252 ιιίξει
1379 4152 1721 4253 φίλτρον,
1776 4153 2049 4252 ἐχθρὸς
2099 4153 2233 4228 ω’ν.
2341 4151 2536 4243 Quod

312 4259 367 4330 si
415 4284 567 4332 cum
616 4259 762 4331 istis
813 4257 1149 4331 codicibus
1199 4258 1438 4353 legitur
1483 4267 1809 4356 στρατῷ,
1887 4255 2336 4354 coniungenda
2386 4263 2538 4328 sunt

318 4363 584 4461 ἐχθρὸς
638 4361 751 4437 ὧν
803 4369 1125 4459 στρατῷ.
1222 4358 1377 4435 Nec
1427 4369 1646 4433 tamen
1696 4386 1775 4435 eo
1828 4385 1993 4491 opus
2043 4368 2169 4453 est,
2223 4359 2340 4432 sed
2388 4383 2536 4430 ser-

320 4462 448 4537 vari
523 4472 747 4565 potest
810 4461 1138 4565 στρατόν
1155 4515 1181 4557 ,
1260 4465 1317 4537 si
1384 4464 1635 4562 virgula
1697 4473 1850 4573 post
1913 4462 2025 4541 ὠν
2089 4464 2306 4563 posita
2371 4486 2537 4536 cou-
