3275 5317
1048 437 1169 499 AD
1214 434 1661 499 GALA‘r-As
1704 444 1816 504 etc.
1940 441 1945 450 “
2422 437 2547 505 131

320 601 640 678 attulisset
704 624 857 673 cnm
918 598 1145 697 iisque
1213 598 1786 672 communicasset.
1912 596 2324 673 Interventor
2386 625 2546 698 ergo

316 713 663 804 propterea
709 703 976 796 dicitnr,
1029 703 1182 801 qnia
1243 726 1376 774 ιιοιι
1436 703 1581 799 ipse
1633 702 1793 774 deus
1823 698 2086 776 Indaeis
2132 703 2342 799 legem
2383 728 2546 801 pro-

315 807 752 927 mulgaverit,
774 807 892 879 sed
941 831 1062 903 per
1112 806 1330 879 alium.
1435 803 1573 877 Vbi
1633 805 1838 901 igitur
1902 805 1985 877 de
2045 804 2203 879 Iesu
2265 807 2550 905 loquitur
2720 885 2726 890 ,

314 910 587 1002 Paulus,
645 910 757 1007 qni
806 910 1061 982 divinae
1111 908 1463 982 voluntatis
1511 908 1837 1006 interpres
1903 897 2269 982 hominibus
2338 911 2551 983 exsti·-

313 1014 488 1108 terit,
548 1038 701 1087 cnm
749 1013 945 1086 Mose
997 1037 1148 1085 eum
1198 1019 1577 1108 comparat,
1630 1036 1752 1109 per
1805 1037 1995 1109 quem
2045 1012 2244 1085 allata
2294 1013 2379 1085 ad
2429 1011 2551 1084 Iu·-

312 1117 512 1189 daeos
565 1116 764 1190 fuerit
810 1116 924 1188 lex
974 1115 1114 1207 illa,
1169 1138 1301 1211 qna
1346 1137 1552 1211 usque
1603 1116 1717 1187 illo
1770 1123 1958 1188 erant
2005 1115 2134 1187 usi.
2237 1115 2417 1189 Hinc
2464 1093 2551 1190 de

310 1218 464 1293 Iesu
528 1220 762 1293 scribit
825 1220 912 1291 ad
973 1219 1313 1291 Hebraeos
1376 1216 1578 1289 vm.
1650 1222 1723 1290 6.
1775 1227 1923 1294 νῦν
1987 1217 2555 1349 διαφορωτέρας

309 1324 619 1419 τέτυχεν,
672 1321 1177 1454 λειτουργίας,
1244 1320 1401 1419 ὅσῳ
1452 1318 1876 1418 κρείττονός
1908 1324 2131 1396 ἐστιν
2182 1318 2554 1417 διαθήκης

309 1426 641 1526 μεσίτης,
690 1425 850 1522 ἥτις
903 1426 1022 1501 ἐπὶ
1071 1423 1487 1556 κρείττοσιν
1539 1423 2005 1556 ἐπαγγελίαις
2050 1427 2557 1557 νενομοθετη-

308 1551 470 1605 ται·
545 1536 613 1604 εὶ
662 1529 813 1632 γὰρ
879 1529 928 1624 ἡ
979 1526 1237 1626 πρώτη
1291 1527 1528 1622 ἐκείνη
1596 1524 1723 1624 ἦν
1762 1529 2192 1628 ἄαεμπτος,
2260 1558 2399 1605 ουκ
2451 1528 2557 1605 ἂν

311 1633 669 1728 δευτέρας
720 1632 1039 1728 ἐζητεῖτο
1092 1628 1341 1715 τόπος.
1443 1629 1897 1729 Eamdemqne
1947 1632 2029 1705 ob
2082 1656 2386 1705 caussam
2435 1631 2558 1705 Ie·-

312 1762 458 1810 snm
506 1736 646 1809 IX.
707 1736 827 1808 15.
882 1735 1055 1808 XII.
1110 1739 1234 1808 24.
1289 1742 1551 1829 καινῆς
1604 1745 1672 1807 et
1721 1736 1894 1819 νέας
1922 1733 2296 1831 διαθήκης
2345 1734 2558 1832 μεσί-

310 1867 451 1934 την
500 1847 723 1933 vocat,
777 1839 931 1937 qnia
977 1839 1160 1935 prius
1208 1837 1372 1908 illud
1421 1844 1875 1910 testamentum
1893 1890 1920 1931 ,
1985 1847 2062 1912 nt
2127 1839 2214 1910 ad
2278 1836 2559 1912 Galatas

312 1942 438 2017 IV.
496 1947 624 2015 24.
678 1943 875 2034 dicit,
926 1942 997 2013 in
1060 1948 1279 2015 monte
1344 1937 1514 2012 Sina
1579 1949 1681 2011 est
1744 1950 2110 2039 acceptum.
2202 1941 2295 2013 ·In
2346 1942 2559 2039 prima

313 2072 468 2121 vero
521 2045 606 2117 ad
660 1995 1084 2118 Timotheum
1136 2042 1415 2142 epistola
1462 2040 1560 2114 Π.
1617 2042 1690 2114 5.
1743 2069 2013 2141 prorsus
2064 2045 2311 2119 reiecto
2361 2045 2558 2119 Mose

317 2151 581 2223 scribit.
636 2147 740 2231 εἷς
788 2176 937 2254 γαρ
989 2143 1212 2235 θεός,
1266 2146 1368 2230 εἷς
1417 2145 1546 2220 καὶ
1610 2146 1915 2245 μεσίτης
1979 2151 2172 2224 θεοῦ
2239 2146 2379 2223 καὶ
2418 2149 2560 2225 οἷν-
2622 2157 2627 2160 ’

316 2250 687 2350 emam,
732 2249 1042 2348 χριστὸς
1083 2253 1388 2345 Ἰησοῦς.
1467 2250 2167 2370 Quornm.verhornm
2203 2252 2371 2326 haec
2400 2273 2560 2324 sen·-

317 2357 524 2430 tentia
573 2363 701 2448 est,
751 2353 950 2427 sicuti
1014 2379 1184 2426 unns
1249 2353 1337 2425 sit
1402 2352 1563 2424 dens
1579 2403 1604 2445 ,
1675 2354 1774 2427 sic
1844 2355 2041 2427 etiam
2105 2379 2305 2427 unum
2366 2356 2561 2429 modo

321 2483 540 2533 veram
593 2482 744 2530 esse
792 2457 968 2529 inter
1019 2458 1211 2530 deum
1263 2465 1332 2529 et
1380 2456 1674 2552 homines
1741 2457 2247 2532 intercessorem
2311 2456 2561 2531 Ie'snm.

318 2560 622 2660 Apparet
672 2586 758 2633 ex
808 2561 951 2653 his,
1033 2559 1346 2658 μεσίτην
1396 2556 1772 2655 διαθήκης
1835 2561 1970 2634 dici
2037 2563 2148 2659 qui
2210 2562 2562 2634 voluntatis
2662 2601 2665 2606 ·

319 2666 575 2738 divinae
628 2662 1134 2736 declarationem
1187 2665 1268 2736 ab
1320 2663 1441 2735 deo
1495 2663 1581 2735 ad
1630 2663 1925 2736 homines
1949 2665 2260 2760 perferat.
2363 2662 2563 2737 Nunc
2664 2743 2669 2752 .

320 2793 471 2842 vero
525 2767 805 2863 intelligi
854 2774 1075 2864 potest
1089 2818 1114 2860 ‚
1185 2792 1305 2839 cnr
1368 2766 1485 2836 illa
1546 2762 1880 2838 Abraamo
1946 2767 2124 2838 dicta
2188 2766 2386 2838 verba
2435 2767 2566 2841 καὶ

318 2881 425 2971 τῷ
475 2868 853 2967 σπέριιατί
905 2894 1045 2944 σου
1099 2870 1179 2941 de
1230 2868 1411 2960 Iesu,
1465 2892 1597 2939 non
1652 2868 1731 2940 de
1782 2868 2063 2965 posteris
2105 2865 2423 2941 Abraami
2475 2871 2564 2943 sit

319 2949 810 3073 interpretatus.
931 2971 1106 3043 Nam
1177 2972 1629 3070 posteritatem
1693 2967 2013 3042 Abraaeni
2081 2973 2139 3046 si
2207 2970 2566 3067 significari

323 3080 739 3169 concederet,
791 3101 924 3149 non
973 3083 1199 3172 posset
1261 3074 1476 3147 Mosis
1542 3082 2046 3193 praeceptorum
2109 3075 2566 3149 auctoritatem

322 3207 398 3255 eo
451 3181 774 3271 minnere,
830 3180 1002 3277 quod
1050 3179 1110 3249 is
1160 3177 1323 3249 nilul
1371 3177 1500 3248 nisi
1548 3177 1946 3249 intercessor
2011 3178 2246 3254 fnisset
2259 3230 2286 3271 ,
2354 3179 2568 3277 siqni-

323 3286 469 3358 dem
501 3285 699 3357 etiam
722 3284 854 3354 illis
881 3279 1198 3354 Abraami
1225 3280 1507 3378 posteris
1527 3331 1552 3373 ,
1605 3289 1682 3353 ut
1709 3304 1945 3353 novam
1976 3281 2079 3354 dei
2120 3281 2334 3377 legem
2380 3283 2571 3356 acci-

319 3395 577 3486 perent,
605 3388 1045 3458 interventore
1071 3407 1236 3483 opus
1277 3392 1420 3456 erat
1456 3382 1637 3455 Iesu.
1743 3382 1822 3458 Id
1867 3409 2026 3484 ergo
2069 3393 2145 3457 ut
2184 3386 2567 3478 declinaret,

319 3490 541 3564 Iesum
591 3490 807 3587 ipsum
858 3488 1193 3561 contendit
1241 3512 1463 3559 semen
1510 3483 1827 3558 Abraami
1878 3511 2048 3560 esse.
2099 3487 2299 3561 Hunc
2352 3496 2571 3561 antem

326 3596 385 3667 si
446 3594 613 3666 facit
677 3591 982 3664 heredem
1049 3615 1136 3663 ex
1198 3598 1588 3664 testamento
1604 3641 1629 3683 ,
1702 3589 2081 3663 excluditur
2141 3591 2567 3685 interventor,

324 3699 465 3771 selo
517 3696 751 3769 relicto
802 3702 1117 3768 testatore
1168 3695 1317 3788 deo,
1369 3717 1722 3791 verumque
1754 3702 1878 3786 est,
1933 3694 2107 3792 quod
2138 3695 2325 3787 dicit,
2376 3695 2569 3767 nnius

323 3825 456 3875 non
508 3823 657 3873 esse
708 3799 1248 3887 interventorem3
1303 3821 1501 3868 ιιιιιιιιι
1553 3798 1726 3869 enim
1777 3821 1923 3868 esse
1975 3798 2190 3870 deum.

529 3900 675 3975 Sed
740 3901 1084 3974 dicendum
1152 3909 1255 3974 est
1319 3900 1515 3972 etiam
1580 3900 1661 3971 de
1740 3901 1992 3997 reliqua
2057 3909 2248 3999 parte
2303 3898 2567 3997 capitis.

326 4008 545 4100 Quum
595 4005 852 4103 pergit,
890 4004 929 4079 ὅ
986 3999 1128 4080 οὖν
1178 4001 1411 4102 νόμος
1461 4002 1655 4078 κατὰ
1705 4012 1863 4079 τῶν
1896 4008 2378 4106 ἐπαγγελιῶν,
2432 4024 2565 4074 ιιοιι

326 4119 427 4184 est
476 4111 828 4183 obscurum
876 4108 1042 4181 haec
1091 4108 1292 4180 verba
1337 4131 1472 4180 ιιοιι
1522 4107 1603 4178 ad
1655 4107 1771 4178 illa
1798 4108 2099 4204 proxime
2144 4128 2558 4205 praegressa,

329 4213 368 4289 ὅ
420 4212 509 4290 δε
562 4210 863 4308 μεσίτης
914 4211 1082 4295 ἑνὸς
1146 4212 1287 4286 οὐκ
1352 4213 1590 4286 εστιν·
1667 4210 1706 4284 ὃ
1761 4209 1846 4285 δε
1911 4210 2094 4293 θεὸς
2160 4209 2262 4293 εἷς
2330 4208 2560 4297 ἐστίν,

330 4318 448 4392 sed
493 4316 580 4389 ad
626 4315 994 4390 nniversam
1046 4315 1431 4389 sententiam
1483 4322 1811 4411 spectare,
1865 4337 2032 4411 quae
2097 4313 2569 4412 comprehensa

334 4429 430 4495 est
475 4418 771 4495 versibus
843 4423 964 4492 19.
1010 4425 1084 4491 et
1139 4421 1267 4493 20.
1373 4417 1628 4512 Quibus
1690 4441 1889 4515 quum
1939 4417 2068 4491 hoc
2118 4417 2410 4510 dicatur,
2461 4417 2568 4490 le·-
