3275 5317
736 448 865 528 1⁸0
1337 445 1459 510 DE
1500 446 1789 516 PAle
1830 447 2378 518 EPISTOLAE

736 614 948 704 beret,
999 611 1340 690 dumtaxat
1386 609 1651 684 interim
1698 610 2008 704 valuisse,
2058 610 2190 684 iam
2240 618 2461 690 autem
2507 636 2650 688 non
2705 607 2986 711 amplius

741 717 984 794 valere.
1088 714 1438 789 Rationem
1489 714 1703 790 reddit
1737 714 1935 807 hanc,
1988 715 2163 812 quod
2183 714 2606 813 superaddita
2630 715 2750 807 sit,
2809 718 2986 810 (ideo
3076 749 3091 758 ·

651 859 660 870 -
739 817 1148 917 προςετέθη
1216 817 1412 910 dixit)
1482 842 1689 914 eoque
1753 842 1887 890 non
1947 818 2274 914 pertineat
2337 819 2423 893 ad
2484 826 2992 912 testamentum,

741 923 852 997 cui
875 947 1033 1014 ,non
1081 921 1279 993 liceat
1346 920 1694 1041 quidquam
1763 920 1951 1009 addi,
1931 946 1950 966 ·
2024 920 2257 994 deinde
2323 922 2497 1019 quod
2559 947 2705 996 non
2717 973 2744 1014 ,
2817 922 2988 997 sicut

593 1044 606 1052 ⁴
740 1033 1203 1100 testamentum
1250 1023 1437 1116 illud,
1489 1025 1571 1095 ab
1621 1025 1770 1121 ipso
1823 1024 1946 1096 deo
1998 1023 2266 1098 condita
2315 1032 2383 1096 et
2430 1025 2614 1117 data,
2671 1024 2797 1098 sed
2847 1024 3007 1099 dis-t

740 1130 959 1227 posita
1005 1153 1125 1226 per
1174 1127 1441 1223 angelos
1508 1127 1834 1223 allataque
1897 1127 1984 1204 sit
2045 1151 2240 1202 manu
2300 1128 2810 1204 interventoris.
2881 1135 2988 1201 at·-

742 1232 855 1329 qui
903 1233 1112 1304 interv
1113 1231 1323 1304 entori
1335 1281 1359 1321 ,
1414 1230 1625 1349 quod·
1635 1230 2038 1325 interventor
2085 1255 2217 1304 non
2265 1231 2352 1303 sit
2380 1232 2601 1324 unius,
2659 1255 2803 1304 non
2845 1254 2988 1306 csso

738 1335 957 1409 locum
1008 1334 1181 1432 apud
1232 1334 1463 1424 deum,
1518 1332 1630 1430 qni
1680 1357 1849 1405 unus
1901 1319 2028 1424 sit,
2080 1340 2310 1430 utpote
2374 1342 2662 1410 testator
2680 1386 2709 1426 ,
2800 1334 2986 1410 cuius

735 1438 929 1510 unius
985 1462 1071 1510 ex
1138 1436 1471 1512 voluntate
1521 1435 1779 1518 nemine
1846 1436 2293 1510 intercedente
2369 1436 2817 1512 hereditatem
2870 1460 2989 1510 ca-

784 1541 878 1613 iat
925 1539 1140 1612 heres.

738 1567 783 1639 P
945 1640 1193 1715 Veram
1243 1665 1390 1716 esse
1458 1665 1653 1739 quam
1716 1640 2051 1720 attulimus
2115 1641 2726 1738 interpretationem
2796 1640 2986 1716 etiam

746 1746 876 1820 alio
929 1753 1308 1841 argumento
1360 1745 1799 1841 cognoscitur.
1918 1742 2094 1817 Nam
2159 1769 2381 1841 quum,
2417 1745 2619 1817 verba
2685 1746 2808 1818 illa
2858 1768 2988 1818 non
3028 1803 3035 1830 ,

743 1849 1000 1947 possint
1049 1848 1223 1922 aliud
1275 1846 1647 1944 significare
1699 1872 1916 1945 quam,
1971 1848 2145 1944 quod
2194 1847 2502 1939 diximus,
2569 1849 3001 1922 intervente--

681 1961 690 1970 ‘
743 1977 886 2028 rem
935 1977 1065 2023 non
1116 1976 1261 2024 esse
1311 1951 1439 2023 nisi
1487 1952 1660 2023 inter
1707 1951 1932 2049 plures
1981 1974 2151 2023 uno:
2220 1974 2348 2048 qua
2411 1950 2680 2024 tandem
2750 1973 2987 2026 caussa

743 2055 1062 2134 adiecisse
1109 2054 1225 2125 illa
1272 2053 1551 2128 Paulum
1604 2054 2011 2127 censebimus
2027 2103 2052 2145 ,
2105 2054 2234 2125 nisi
2281 2060 2356 2124 ut
2407 2055 2874 2151 comprobaret
2918 2052 2985 2126 id

674 2189 679 2194 ·
740 2158 981 2256 ipsum,
1034 2157 1113 2228 de
1167 2182 1294 2254 quo
1346 2156 1742 2254 disputabat,
1793 2156 2247 2232 intermedium
2306 2157 2475 2276 quid
2529 2182 2681 2232 esse
2746 2158 2983 2259 legem,

741 2284 868 2336 nec
933 2261 1258 2357 pertinere
1324 2260 1408 2331 ad
1471 2260 1967 2356 promissionem
2029 2259 2209 2334 illam
2290 2261 2557 2357 eiusque
2627 2252 2982 2336 eventum?

742 2362 1056 2436 Profecto
1108 2387 1236 2436 non
1288 2371 1365 2433 ut
1416 2362 1780 2460 explicaret
1827 2359 2085 2458 μεσιτη
2091 2392 2127 2447 ς
2194 2362 2350 2460 quid
2415 2371 2632 2457 esset,
2704 2363 2812 2438 vel
2860 2386 2985 2460 po-

743 2466 876 2538 tius
929 2465 1084 2560 quid
1132 2489 1298 2538 non·
1287 2473 1513 2536 ·esset.
1616 2464 1963 2538 Dementis
2031 2474 2132 2538 est
2196 2466 2371 2540 enim
2385 2517 2412 2558 ,
2480 2416 2702 2564 posito
2770 2466 2982 2560 aliquo

651 2609 694 2650 ,ο
743 2568 1027 2659 nomine,
1081 2568 1252 2664 quod
1303 2568 1458 2663 quid
1507 2566 1849 2662 significet*
1881 2568 2357 2665 apertissimum
2400 2578 2527 2662 est,
2579 2570 2729 2642 sine
2753 2589 2984 2642 caussa

745 2670 965 2744 dicere
1014 2670 1085 2741 id
1132 2694 1369 2762 nomen
1420 2669 1576 2766 quid
1623 2695 1759 2740 non
1800 2669 2158 2764 significet.
2258 2669 2493 2767 Neque
2543 2696 2707 2746 vero
2760 2678 2836 2744 nt
2861 2670 2982 2742 do·-

746 2781 927 2848 ceret
975 2773 1145 2846 inter
1212 2771 1401 2843 deum
1468 2780 1533 2844 et
1593 2770 1876 2845 Iudaeos
1925 2771 2168 2843 Mosen
2214 2772 2693 2847 intercessisse.
2812 2770 2982 2845 Nam

619 2871 634 2884 “
743 2877 871 2960 boc
924 2900 1179 2973 quoque
1229 2875 1543 2947 absonum
1594 2874 1989 2966 addidisset,
2041 2882 2181 2950 tum
2232 2874 2386 2970 quia
2434 2900 2558 2972 per
2606 2901 2684 2949 se
2735 2874 2980 2950 intelli-

745 2981 1043 3076 gebatur,
1097 2987 1235 3051 tum
1287 2978 1464 3075 quia,
1517 2977 1577 3049 si
1599 2977 1730 3050 hoc
1783 2977 2056 3069 diceret,
2109 2977 2391 3049 alienum
2443 2978 2600 3075 quid
2652 3000 2980 3051 memera-

744 3090 883 3154 ret.
936 3107 1068 3155 non
1119 3082 1289 3155 enim
1340 3082 1512 3152 inter
1563 3104 1727 3177 quos
1780 3087 1954 3152 essct
2012 3080 2487 3173 interventum,
2547 3082 2682 3156 sed
2733 3106 2823 3154 an
2870 3102 2980 3151 es·-

748 3193 851 3257 set
899 3185 1357 3275 interventum,
1409 3182 1571 3253 illud
1622 3189 1767 3255 erat
1816 3182 1901 3254 de
1951 3207 2079 3278 quo
2132 3185 2589 3280 quaerebatur.
2696 3180 2977 3257 Accedit

746 3282 944 3383 qnod„
985 3287 1083 3358 sic
1149 3310 1283 3360 ιιοιι
1346 3292 1608 3383 poterat
1672 3284 1807 3356 dici
1875 3284 1917 3360 5
1970 3282 2055 3362 δὲ
2103 3285 2289 3371 θεὸς
2339 3287 2482 3376 εἷς,
2562 3287 2683 3362 sed
2735 3288 2977 3362 dictum

746 3390 1086 3487 oportebat
1134 3388 1174 3464 5
1227 3386 1314 3464 δὲ
1364 3387 1548 3471 θεὸς
1596 3386 1636 3461 5
1693 3379 1816 3471 εἷς.

951 3489 1076 3583 At,
1126 3492 1377 3589 inquiat
1424 3490 1705 3565 fortasse
1758 3490 1993 3589 aliquis
2012 3542 2038 3584 ,
2092 3492 2151 3564 si
2197 3500 2396 3590 negat
2454 3491 2704 3568 Paulus
2770 3492 2975 3566 inter-

748 3596 1001 3668 ventori
1048 3595 1118 3667 in
1171 3595 1490 3692 capienda
1528 3593 1888 3668 hereditate
1914 3595 2135 3669 locum
2162 3620 2331 3689 esse,
2387 3596 2539 3694 quia
2568 3622 2738 3670 unus
2765 3596 2974 3668 idem-

499 3677 516 3690 *
661 3704 884 3797 l3que
932 3698 1020 3769 sit
1083 3698 1194 3796 qui
1256 3706 1533 3772 testatus
1596 3697 1688 3770 sit
1753 3705 1823 3771 et
1889 3723 1976 3771 ex
2040 3699 2226 3778 cuius
2288 3700 2618 3774 voluntate
2681 3698 2976 3797 capiatur

751 3800 1102 3893 hereditas,
1131 3802 1474 3921 quomodo
1522 3801 1738 3899 potuit
1758 3799 2070 3899 μεσίτην
2091 3799 2460 3897 διαθήκης
2509 3802 2755 3895 dicere,
2806 3794 2974 3896 quod

746 3903 908 3977 fecit
955 3903 1026 3974 in
1075 3904 1353 3977 caeteris
1402 3905 1570 3978 locis
1621 3905 1944 3999 omnibus,
1998 3906 2109 3978 ubi
2156 3906 2272 3980 illa
2318 3903 2626 4002 μεσίτου
2677 3902 2973 4010 appella-

748 4008 929 4084 tione
977 4000 1235 4080 utitur?
1336 4006 1533 4082 Fecit
1579 4033 1774 4084 vero·
1844 4018 2130 4081 attamen
2194 4016 2445 4081 tantum
2509 4003 2696 4083 abest
2758 4029 2838 4079 eo
2900 4008 2971 4072 ut

747 4134 973 4183 secum
1021 4117 1291 4208 pugnet,
1340 4110 1472 4183 illis
1523 4112 1838 4210 exemplis
1887 4118 1965 4183 ut
2013 4135 2094 4183 ea
2140 4134 2309 4207 quae
2359 4112 2444 4183 ad
2473 4108 2752 4185 Galatas
2798 4129 2971 4179 scn-

746 4213 882 4310 psit
932 4213 1127 4286 etiam
1174 4213 1516 4287 illustrari
1539 4215 1897 4290 videantur.
1999 4211 2174 4288 Nam
2223 4212 2460 4287 Mosen
2502 4239 2699 4312 quum
2744 4204 2969 4323 Iudae}

747 4313 1060 4411 μεσίτην
1127 4318 1542 4414 appellabant
1604 4315 1978 4412 διαθήκης
1989 4370 2019 4438 ³.
2087 4340 2236 4390 enm
2276 4316 2777 4413 intelligebant,
2860 4306 2967 4406 qui

747 4422 1091 4513 acceptam
1138 4419 1222 4491 ab
1271 4420 1396 4496 deo
1444 4421 1776 4517 legem-et
1823 4420 2019 4494 sibi
1995 4445 2067 4494 m
2110 4443 2347 4494 manus
2395 4420 2697 4495 traditam
2720 4416 2806 4492 ad
2853 4432 2965 4486 8⁰³
