3275 5317
767 461 901 530 m
1246 463 1365 525 DE
1406 457 1871 523 VETERVM
1912 456 2515 522 GRAEGORVM

768 648 1007 725 genere
1058 631 1236 717 sunt,
1289 624 1371 697 de
1422 623 1655 721 quibus
1704 620 1918 693 adhuc
1967 620 2092 693 viri
2141 619 2323 695 docti
2368 621 2553 694 iuter
2603 645 2683 694 se
2753 621 2988 694 dissen-

769 730 965 802 tiunt.
1041 726 1112 802 N
1111 753 1190 801 ec
1241 727 1500 800 mirum.
1577 724 1753 800 Nam
1804 723 2327 820 archaeologiae,
2377 749 2581 823 quam
2634 723 2830 799 hodie
2849 749 2989 818 non,

767 840 844 905 ut
894 832 1074 925 olim,
1124 831 1492 903 nniversam
1540 827 1943 926 antiquitatis
1992 828 2359 922 scientiam,
2409 829 2536 901 sed
2586 829 2773 901 illam
2818 829 2993 901 modo

769 937 912 1008 eius
962 942 1242 1033 partem,
1295 957 1461 1031 quae
1512 932 1597 1005 ad
1647 932 1885 1004 artium
1950 939 2368 1004 monumenta
2432 940 2729 1030 spectat,
2782 933 2997 1030 appel-

769 1039 908 1110 lare
959 1044 1395 1129 consuerunt,
1445 1036 1612 1108 haec
1664 1043 1769 1107 est
1814 1034 1982 1107 ratio
1997 1085 2025 1127 ,
2100 1041 2214 1128 nt,
2294 1059 2496 1132 quum
2547 1043 2694 1108 tres
2746 1035 2877 1108 siut
2920 1059 2994 1106 ex

770 1141 1001 1239 quibus
1041 1139 1288 1212 hauriri
1340 1138 1571 1211 debeat
1618 1138 1858 1229 fontes,
1908 1137 2202 1234 ipsorum
2252 1137 2727 1237 contemplatio
2777 1162 2996 1236 super-

769 1245 991 1317 stitum
1033 1250 1630 1332 monumentornm3
1683 1240 2056 1315 testimonia
2076 1240 2482 1332 litterarum3
2530 1241 2866 1338 indagatio
2891 1265 2996 1313 eo-

768 1372 916 1420 rum
1010 1371 1134 1418 uae
1183 1347 1284 1419 rei
1335 1346 1652 1442 cuiusque
1703 1351 1962 1417 natura
1987 1343 2092 1415 vel
2139 1344 2268 1417 fert
2315 1344 2421 1417 vel
2468 1345 2738 1444 poscitz
2791 1368 2996 1417 eorum

766 1450 838 1522 in
887 1373 1066 1523 nullo
1118 1450 1377 1548 quidem
1427 1473 1559 1522 non
1589 1446 1948 1544 diligentia,
2001 1447 2473 1521 exercitatione
2488 1494 2515 1541 -,
2585 1455 2898 1545 rectoque
2938 1454 2996 1519 et

769 1562 965 1627 cauto
1030 1551 1273 1625 iudicio
1341 1576 1534 1649 opus·
1573 1550 1666 1622 sit
1678 1601 1738 1651 ,·
1781 1549 1900 1622 sed
1966 1549 2249 1622 maxime
2314 1550 2423 1644 id,
2494 1550 2679 1649 quod
2729 1549 2996 1623 secundo

767 1656 921 1729 loco
972 1656 1189 1754 posui,
1243 1654 1395 1752 qnia
1442 1654 1707 1752 plenum
1758 1661 1862 1726 est
1912 1653 2129 1750 operis
2181 1660 2249 1725 et
2296 1652 2546 1727 laboris
2564 1705 2593 1749 ,
2639 1654 2755 1727 'vel
2802 1651 2994 1748 negli-

767 1766 963 1856 gatur
975 1810 1001 1852 ,
1068 1758 1173 1831 vel
1224 1781 1266 1828 a
1330 1757 1712 1856 quibusdam
1784 1756 1979 1829 etiam
2044 1763 2523 1831 contemnatur.
2648 1755 2749 1830 Et
2797 1764 2996 1829 tamen

766 1861 908 1934 fere
958 1860 1365 1960 potissimum
1431 1867 1534 1933 est
1548 1886 1571 1932 ι
1640 1859 1803 1958 quia'
1844 1859 2231 1933 testimoniis
2298 1860 2677 1933 certissima
2739 1857 2994 1934 confici-

764 1973 877 2038 tur
924 1987 1146 2037 rerum
1197 1963 1484 2059 cognitio
1499 2013 1526 2057 ,
1594 1963 1655 2036 si
1718 1962 1978 2061 quidem
2046 1962 2129 2035 iis
2182 1971 2251 2036 et
2297 1963 2764 2061 interpretatio
2812 1963 2993 2053 iusta,

768 2076 862 2162 et,
912 2067 1027 2139 ubi
1077 2091 1242 2165 opus
1309 2074 1448 2159 est,
1513 2075 1702 2139 recta
1765 2065 2127 2138 emendatio
2193 2066 2602 2139 adhibeatur.
2720 2064 2837 2139 Ex
2880 2064 2991 2136 hoc

724 2171 976 2268 figitur
1023 2194 1262 2267 genere
1311 2169 1652 2242 adnotabo>
1686 2169 2003 2267 quaedam
2068 2168 2154 2241 ad
2216 2169 2536 2243 Rochetfi
2603 2167 2993 2242 dissertatio-

767 2298 944 2366 nem,
998 2298 1152 2371 quo,
1206 2272 1266 2345 si
1315 2272 1602 2370 possim,
1656 2272 1901 2371 aliquid
1950 2271 2281 2348 conferam
2329 2272 2417 2346 ad
2466 2272 2879 2372 explananda
2924 2291 2993 2343 ea

770 2399 937 2473 quae
988 2377 1184 2449 dubia
1230 2375 1635 2448 videbantur.

973 2475 1084 2551 Ac
1133 2478 1343 2576 primo
1396 2477 1570 2575 quod
1618 2476 1985 2551 Rochettus
2036 2501 2187 2552 cum
2235 2477 2589 2554 Voelkelio
2639 2480 2712 2552 in
2760 2476 2996 2551 Postu-

767 2579 893 2654 mis
943 2579 1006 2654 Ι.
1057 2606 1127 2679 p.
1184 2585 1309 2653 91.
1375 2578 1723 2654 Platonem
1793 2581 1867 2652 in
1912 2579 2042 2655 IV.
2094 2582 2177 2655 de
2225 2606 2371 2680 rep.
2423 2608 2496 2681 p.
2551 2584 2736 2671 420.
2790 2579 2871 2653 G.
2917 2577 2988 2649 de

767 2684 1003 2758 statuis
1071 2683 1378 2757 coloratis
1427 2683 1767 2783 loquutum
1834 2685 2128 2778 censuit,
2193 2694 2376 2759 recte
2452 2687 2706 2762 factum
2785 2680 2987 2758 credo.

764 2786 1024 2863 Scribit
1070 2786 1305 2861 Plato:
1360 2786 1597 2888 ὥςπερ
1652 2783 1794 2865 οὗν
1845 2787 1948 2865 ἂν
1998 2794 2064 2863 εἰ
2088 2788 2287 2887 ἡμᾶς
2316 2787 2786 2890 ἀνδριάντας
2815 2779 2987 2889 γρά-

768 2919 1057 2992 φοντας
1107 2887 1546 2992 προςελθών
1593 2921 1709 2977 τις
1760 2893 1975 2995 ἔψεγε
2028 2891 2290 2996 λέγων,
2329 2892 2458 2969 ,ὅτι
2512 2894 2607 2970 οὔ
2637 2898 2794 2975 τοῖς
2823 2893 2986 2964 καλ-

767 2994 1045 3079 λίστοις
1094 3003 1232 3070 τοῦ
1307 2991 1505 3093 ζῴου
1577 2994 1676 3070 τοὶ
1742 2992 2098 3071 κάλλιστα
2168 2993 2537 3097 φάρμακα
2607 2990 2985 3095 προςτίθε-

766 3121 954 3199 μεν·
1008 3100 1080 3174 οἱ
1143 3097 1294 3200 γὰρ
1360 3097 1760 3197 ὀφθαλμοί
1769 3153 1798 3186 ,
1863 3096 2261 3175 κάλλιστον
2325 3100 2444 3195 ὄν,
2498 3102 2643 3177 οὐκ
2694 3090 2985 3195 ὀστρείῳ

768 3200 1332 3299 ἐναληλιμμένοι
1383 3201 1555 3296 εἷεν,
1610 3202 1798 3277 ἀλλὰ
1823 3202 2121 3299 μέλανι·
2173 3203 2494 3302 μετρίως
2542 3203 2649 3282 ἂν
2698 3200 2984 3278 ἐδοκοῦ-

768 3332 912 3402 μεν
938 3303 1125 3400 πρὸς
1177 3302 1416 3381 αὐτὸν
1466 3305 2010 3408 ἀπολογεῖσθαι
2049 3307 2380 3410 λέγοντες
2399 3328 2415 3345 ·
2473 3301 2537 3382 ὦ
2586 3298 2983 3403 θαυμάσιε,

768 3408 873 3507 μὴ
917 3412 1080 3484 οἵου
1114 3407 1278 3483 δεῖν
1314 3406 1513 3503 ἡμᾶς
1566 3407 1767 3483 οὕτω
1822 3409 2097 3495 καλοὺς
2143 3411 2599 3510 ὀφθαλμοὺς
2649 3406 2980 3513 γράφειν,

771 3513 953 3598 ὥςτε
978 3509 1168 3608 μηδὲ
1190 3511 1646 3610 ὀφθαλμοὺς
1660 3511 2099 3612 φαίνεσθαι,
2121 3513 2303 3610 μηδ’
2327 3509 2427 3591 αὗ
2446 3513 2542 3590 τὰ
2572 3517 2760 3590 ἄλλα
2775 3508 2983 3610 μέρηὶ

771 3617 926 3692 ἄλλ’
981 3617 1209 3713 ἄθρει
1253 3620 1319 3689 εἰ
1363 3615 1457 3690 τοὶ
1491 3612 1960 3714 προςήκοντα
2010 3615 2347 3702 ἑκάστοις
2387 3614 2871 3696 ἀποδιδόντες
2900 3604 2979 3682 τὸ

769 3719 1208 3796 ὅλονκκαλόν
1233 3727 1619 3817 ποιοῦμεν.
1672 3718 1755 3792 Ιιι
1781 3720 2004 3794 tabula
2027 3721 2241 3819 pictas
2274 3721 2589 3818 imagines
2618 3720 2751 3793 dici
2777 3711 2981 3790 credi*-

771 3823 1029 3925 derunt,
1047 3822 1488 3919 grammaticis
1519 3822 1788 3917 addicti,
1816 3821 2215 3898 Schaeferus
2230 3825 2298 3895 iu
2325 3824 2558 3898 Melet.
2595 3847 2694 3899 cr.
2719 3846 2787 3921 p.
2822 3816 2977 3892 102.

768 3951 1106 4026 perrarum
1130 3926 1303 3999 hunc
1342 3927 1643 4001 vocabuli
1666 3953 1855 4001 usum
1881 3953 2027 4002 esse
2052 3928 2277 4002 dicens
2290 3978 2317 4022 ,
2370 3936 2439 4001 et
2484 3926 2656 4001 Ern.
2708 3917 2979 3999 Schnei-

769 4032 990 4104 derus.
1107 4027 1207 4102 At
1269 4026 1670 4104 Schaeferus
1750 4032 2008 4130 quidem
2074 4039 2298 4129 aperte
2360 4032 2564 4105 falsus
2629 4037 2763 4104 est:
2841 4043 2976 4095 nam

771 4141 839 4206 et
887 4158 1053 4232 quae
1120 4132 1312 4206 affert
1359 4134 1769 4233 grammatici
1832 4137 2030 4208 verba
2096 4135 2196 4228 (in
2269 4133 2564 4219 Bekkeri
2611 4128 2865 4207 Anecd.
2909 4148 2972 4220 p·

773 4237 900 4328 82,
954 4242 1028 4310 9.
1095 4236 1326 4334 quibus
1378 4261 1531 4309 cum
1578 4233 1791 4309 Suida
1839 4238 1989 4309 addi
2033 4236 2313 4336 'possunt
2359 4262 2431 4336 p.
2486 4242 2660 4332 324,
2687 4236 2757 4308 5.
2810 4228 2973 4313 334,

776 4339 935 4432 18⁰)
986 4340 1289 4442 ἄγαλμα
1341 4339 1469 4415 καὶ
1516 4335 1824 4442 γραφὴν
1870 4341 1999 4416 καὶ
2049 4336 2471 4438 ἀνδριάντα
2499 4331 2971 4449 ἀδιαφόροις·

762 4438 1229 4541 Ἀντιφάνης
1279 4442 1715 4547 Ζωγράφῳ,
1766 4469 1897 4520 non
1948 4443 2374 4548 ἀνδριάντα
2424 4446 2506 4521 de
2527 4446 2782 4545 pictura
2816 4434 2968 4545 'dlssb
