3275 5317
56 1293 65 1376 *u—-f

652 1332 837 1425 DE
895 1329 1545 1426 AESCHYLI
1599 1329 2276 1426 LYCVRGIA

1056 1522 1738 1626 mssuu'rA'r-ro
1752 1528 1854 1625 ι).

339 1918 525 2035 Nec
574 1964 827 2035 temere
874 1903 1328 2033 hariolandum
1392 1968 1499 2035 est
1561 1961 1635 2032 in
1700 1957 2109 2057 antiquitatis
2170 1960 2586 2062 pervestiga-

339 2059 513 2136 tione
527 2114 559 2157 ,
652 2086 866 2159 neque
942 2086 1171 2136 carere
1261 2055 1678 2137 divinationis
1754 2062 2129 2136 adiumento
2207 2089 2584 2163 possumus.

338 2163 560 2258 Quare
612 2164 969 2238 curandum
983 2216 1009 2257 ,
1094 2172 1212 2259 ut,
1295 2166 1410 2238 ubi
1477 2166 1633 2264 quid
1702 2165 2133 2240 coniectando
2198 2168 2585 2243 sumendum
2641 2181 2656 2198 ⁰
2710 2242 2718 2251 ,

334 2274 454 2361 est,
503 2267 587 2340 id
635 2274 751 2341 aut
800 2276 1242 2366 consequatur
1264 2269 1587 2368 probabili
1633 2270 1913 2368 quodam
1954 2270 2148 2344 modo
2180 2296 2267 2344 ex
2298 2270 2380 2344 iis
2413 2296 2583 2370 quae

334 2378 513 2445 certa
583 2377 739 2444 sunt
754 2422 780 2463 ,
850 2377 967 2444 aut
1018 2396 1318 2444 caussam
1331 2423 1357 2465 ,
1425 2373 1598 2446 unde
1665 2373 1987 2472 explicari
2052 2397 2135 2446 ea
2200 2374 2281 2447 de
2349 2376 2583 2473 quibus

334 2480 598 2550 constat
644 2473 945 2571 possint,
1011 2475 1344 2549 contineat
1402 2475 1733 2550 idoneam.
1850 2474 2006 2550 Hoc
2058 2477 2169 2574 qui
2218 2478 2580 2576 negligunt,

333 2577 588 2651 somnia
633 2575 912 2673 fingunt,
966 2601 1241 2674 quorum
1289 2603 1502 2677 neque
1552 2579 1802 2653 utilitas
1852 2579 1990 2651 ulla
2005 2630 2034 2673 ,
2085 2588 2155 2653 et
2201 2604 2401 2680 saepe
2449 2606 2586 2656 non

330 2678 487 2754 levis
544 2703 723 2753 noxa
772 2686 913 2773 est,
983 2681 1044 2753 si
1105 2706 1230 2779 pro
1295 2684 1466 2755 veris
1515 2682 1740 2756 habita
1785 2681 2026 2755 iustam
2074 2708 2294 2757 rerum
2345 2682 2586 2781 cogui-

333 2781 578 2857 tionem
625 2783 1011 2881 perturbant
1059 2792 1255 2882 atque
1308 2793 1761 2883 corrumpunt.
1862 2783 2138 2859 Nullo
2113 2810 2198 2858 ιιι
2219 2811 2460 2883 genere
2509 2786 2584 2862 id

334 2887 596 2984 saepius
639 2894 709 2959 et
754 2885 1015 2959 facilius
1067 2887 1326 2961 evenire
1376 2888 1710 2981 videmus,
1779 2911 1975 2986 quam
2021 2888 2095 2959 in
2141 2889 2226 2961 iis
2278 2889 2583 2987 disputa-

334 2986 642 3083 tionibus,
694 3013 861 3086 quae
925 2995 1080 3062 sunt
1142 2989 1222 3062 de
1287 2991 1555 3088 scriptis
1622 3015 1932 3111 quorum·
1961 3014 2215 3089 paucae
2281 2999 2583 3067 servatae

335 3100 482 3165 sunt
530 3092 870 3189 reliquiae.
995 3091 1292 3185 Quorum
1361 3117 1559 3191 quum
1623 3117 1822 3192 saepe
1869 3093 1986 3167 ιιι
2035 3093 2116 3166 de
2167 3102 2579 3191 argumento,

333 3195 569 3268 nedum
599 3195 681 3268 de
718 3194 1015 3292 partibus
1043 3198 1411 3292 argumenti
1448 3197 1830 3295 rationeque
1875 3220 2004 3295 qua
2041 3204 2365 3271 tractatae
2390 3206 2581 3273 erant

334 3298 575 3396 aliquid
623 3306 1030 3395 compertum
1078 3298 1458 3393 habeamus,
1509 3300 1673 3371 nihil
1720 3299 2044 3398 reliquum
2094 3307 2197 3374 est
2246 3324 2441 3399 quam
2490 3302 2579 3375 ad

334 3403 746 3476 coniecturas
799 3401 1180 3498 confugere,
1234 3427 1396 3523 quas
1447 3410 1633 3501 patet
1684 3426 1876 3501 quam
1901 3402 2190 3476 lubricas
2242 3428 2443 3502 saepe
2491 3427 2577 3480 ac

335 3502 559 3577 dubias
611 3528 759 3578 esse
810 3512 1153 3602 oporteat,
1206 3507 1267 3577 si
1314 3506 1530 3580 fontes
1543 3557 1571 3599 ,
1638 3529 1727 3579 ex
1794 3506 2025 3604 quibus
2088 3506 2228 3605 peti
2289 3505 2575 3606 possint,

333 3607 435 3681 vel
480 3608 645 3681 nulli
671 3608 1121 3712 reperiantur
1135 3659 1163 3701 ,
1235 3608 1336 3681 vel
1400 3633 1633 3708 parum
1699 3609 1952 3707 limpidi
2015 3611 2187 3703 sint,
2253 3610 2359 3684 vel
2409 3610 2576 3685 adeo

333 3711 650 3786 reconditi
671 3699 986 3804 lateant,
1040 3719 1118 3786 ut
1165 3711 1566 3809 diligentiam
1629 3712 1888 3809 fugiant
1952 3713 2152 3787 etiam
2217 3711 2576 3787 solertissi-

335 3835 527 3891 mam.
627 3813 814 3889 Nihil
861 3814 1096 3888 horum
1147 3822 1274 3909 est,
1327 3816 1502 3913 quod
1550 3840 1685 3890 non
1747 3816 2050 3938 exemplo
2116 3817 2577 3916 comprobetur

337 3915 438 4011 eo,
487 3918 570 3992 de
620 3943 749 4017 quo
813 3918 942 3991 hac
1006 3918 1077 3990 ιιι
1142 3919 1498 4018 scriptione
1566 3920 1787 3994 dicere
1852 3921 2109 3995 animus
2170 3928 2295 3993 est.
2396 3916 2573 3991 Nam

337 4043 529 4118 quum
574 4019 804 4095 An‘sto
850 4020 1112 4095 hanes
1087 4046 1160 4094 ιιι
1195 4019 1450 4096 Avibus
1498 4024 1893 4098 mentionem
1941 4024 2213 4098 fecisset
2259 4019 2572 4120 Aeschyli

334 4117 741 4225 Lycurgiae,
789 4046 1272 4228 §lycurgusque
1319 4126 1543 4202 fabula
1589 4127 1674 4202 ab
1724 4127 1973 4226 aliquot
2038 4133 2214 4200 esset
2277 4125 2572 4226 scripto-

499 4432 564 4511 ³⁸¹·)
604 4432 779 4496 Edita
823 4442 912 4497 est
951 4454 1031 4502 m.
1075 4436 1248 4500 Febr.
1291 4457 1346 4501 ιι.
1388 4437 1577 4504 1831.
1997 4520 2064 4593 Α
2099 4528 2148 4597 2
2221 4439 2224 4440 ’
