3275 5317
883 478 1130 541 Pos‘r
1172 477 1550 541 omrvm
1588 478 1945 542 secun.
1999 459 2006 474 '
2418 476 2549 543 319

302 640 464 715 taris
528 649 633 715 est
694 640 1104 739 philosophia
1167 641 1229 713 si
1287 640 1507 714 sobrie
1521 692 1549 734 ,
1614 647 1801 715 recte
1815 692 1841 733 ,
1913 638 2137 732 clare,
2197 640 2556 739 perspicue

302 769 573 819 caussas
623 745 996 841 investigat,
1048 752 1186 818 tam
1235 744 1530 817 eamdem
1579 744 2019 842 perniciosam
2073 767 2219 815 esse
2236 796 2260 835 ,
2316 746 2377 816 si
2427 768 2557 818 va-

303 873 430 924 nae
490 848 973 944 imaginationis
1022 848 1276 922 lusibus
1322 848 1667 944 indulgens
1718 848 1825 920 vel
1884 845 2250 944 lymphatae
2313 847 2569 919 mentis.

304 952 586 1050 quodam
634 952 858 1026 furore
907 958 1060 1026 acta
1107 951 1305 1047 modu
1353 952 1777 1048 religionibus
1846 951 2099 1022 animos
2174 958 2242 1023 et
2311 974 2553 1047 super-

161 1113 164 1116 .
305 1055 570 1130 stitione
620 1055 892 1152 implet,
955 1054 1152 1129 ιιιοὼ
1195 1055 1364 1132 ,iura
1424 1055 1816 1154 populorum
1831 1106 1858 1145 ,
1936 1053 2334 1127 commercia
2383 1078 2555 1150 gen-

299 1158 468 1232 fiam
482 1210 527 1277 '.
580 1158 762 1254 leges
832 1158 1192 1232 civitatium
1207 1210 1232 1250 ,
1285 1158 1761 1231 institutionem
1826 1158 2202 1255 cultumque
2268 1156 2557 1229 universi

303 1261 565 1357 generis
615 1261 906 1353 humaui,
959 1269 1138 1335 artes
1189 1262 1468 1360 denique
1518 1269 1587 1335 et
1635 1259 1967 1335 doctrinas
2033 1284 2263 1334 ornnes
2307 1268 2562 1333 temere

302 1364 492 1461 fingit
541 1388 622 1438 ae
670 1363 956 1460 refingit.

516 1464 1036 1542 Commemoravi
1087 1453 1201 1540 eas
1254 1440 1627 1560 doctrinas,
1682 1468 2015 1541 candidati
2076 1465 2561 1558 humanissimi,

307 1595 475 1668 quae
523 1572 736 1644 nostri
784 1571 1198 1668 potissimum
1250 1571 1524 1663 ordinm,
1577 1572 1767 1645 cuius
1816 1571 2173 1644 honoribus
2228 1595 2384 1643 mox
2437 1595 2561 1643 or·-

305 1674 640 1766 nabimmi,
693 1674 1001 1771 propriae
1052 1681 1228 1766 snut,
1281 1683 1357 1748 ut
1407 1675 1755 1761 videretiS,
1804 1675 2052 1746 nuliam
2103 1667 2333 1746 earum
2380 1698 2556 1766 eme,

304 1778 373 1849 ιιι
427 1801 559 1875 qua
605 1802 744 1852 uon
787 1778 1106 1874 munnae
1157 1778 1535 1875 prepositae
1587 1778 1721 1850 sint
1768 1780 1935 1850 bene
1986 1778 2279 1849 merendi
2306 1801 2559 1850 novae-

307 1904 434 1979 que
480 1880 696 1953 laudis
743 1881 1176 1977 reportandae
1230 1881 1640 1955 occasiones-
1763 1882 1986 1973 Quare
2038 1881 2138 1972 si,
2187 1881 2323 1953 uti
2338 1881 2558 1972 decet,

303 1984 438 2083 ipsi
487 2007 743 2080 quoque
810 1984 1056 2079 aliquid
1131 1985 1430 2057 conferre
1503 1984 1592 2056 ad
1656 1984 2005 2056 utilitatem
2070 1990 2266 2080 atque
2328 1983 2567 2056 incre-

304 2095 594 2161 mentum
646 2086 1088 2159 doctrinarum
1139 2086 1420 2183 cupiti-s,
1484 2085 1650 2158 illud
1699 2087 1918 2158 animo
1974 2093 2276 2183 reputate
2329 2094 2398 2159 et
2446 2093 2569 2158 te-

305 2198 457 2264 nete
507 2188 807 2282 firmiter,
860 2190 1102 2286 eligere
1153 2188 1279 2260 sibi
1331 2214 1650 2287 quemque
1702 2190 1939 2262 debere
2007 2213 2207 2261 mm
2272 2176 2620 2286 aliquam

304 2293 676 2385 materiam,
719 2293 791 2364 ιιι
841 2317 1036 2390 quam
1084 2300 1264 2366 totus
1311 2293 1649 2365 incumbat
1708 2293 1783 2365 ιιι
1832 2317 2041 2391 eaque
2103 2292 2292 2391 quasi
2341 2292 2578 2365 domi-2

307 2397 532 2472 cilium
579 2403 783 2493 ponat
832 2421 1050 2468 suum,
1175 2394 1354 2468 Nam
1399 2396 1471 2467 in
1522 2421 1604 2469 eow
1656 2397 1913 2469 demum
1930 2448 1956 2489 ,
2010 2397 2183 2495 quod
2236 2396 2385 2494 quis
2432 2420 2575 2494 pne--

305 2502 482 2574 nitus
535 2500 868 2595 cognitum
916 2500 1182 2591 haheat,
1233 2500 1330 2571 ita
1381 2500 1779 2592 elaborabit,
1846 2508 1924 2572 ut
1988 2501 2244 2574 fructus
2313 2499 2575 2573 laboris-

309 2605 391 2677 ad
459 2627 605 2675 eam
670 2627 810 2674 rem
859 2604 1070 2702 ipsam
1136 2602 1494 2695 redundet,
1563 2603 1882 2701 simulque
1933 2605 2062 2677 hoc
2112 2604 2285 2676 lucri
2333 2603 2560 2697 faciet,

306 2715 381 2780 ut
432 2706 570 2778 suis
622 2705 866 2777 viribus
921 2703 1249 2796 confisus,
1304 2706 1542 2802 quippe
1595 2730 1716 2778 suo
1767 2707 1838 2775 ιιι
1876 2731 2107 2803 regno,
2159 2706 2322 2778 illud
2348 2706 2568 2803 ipsum

309 2809 523 2886 discat
536 2861 564 2901 ,
615 2809 914 2881 Imorare
967 2807 1244 2880 utiliter.
1358 2808 1688 2905 Apertum
1741 2817 1847 2882 est
1893 2817 2111 2881 autem
2124 2860 2151 2902 ,
2222 2832 2397 2902 eum,
2452 2810 2571 2906 qui

308 2915 408 2987 sic
472 2912 600 2986 m‘ffi
664 2912 851 3009 quasi
914 2935 1135 2984 arcem
1203 2912 1548 3008 quamdam
1635 2912 2226 3007 communiverit,
2257 2912 2567 3009 quoniam

307 3017 552 3090 mutm
603 3015 881 3088 vinculis
934 3039 1160 3088 omnes
1212 3017 1385 3087 inter
1435 3039 1509 3087 se
1562 3015 1909 3112 colligatae
1977 3024 2131 3089 sunt
2196 3015 2564 3109 doctrinae,

304 3122 455 3220 ipsa
502 3119 730 3192 tuendi
807 3143 999 3217 quem
1049 3127 1231 3192 tenet
1278 3119 1499 3191 locum
1575 3120 1977 3193 necessitate
2023 3118 2356 3192 adrnoneri
2374 3170 2402 3212 ,
2481 3125 2564 3192 ut

308 3223 627 3297 auxilium
676 3229 861 3320 petat
910 3246 952 3294 a
1003 3221 1369 3296 coniunctis
1422 3222 1698 3316 artibus,
1754 3247 1960 3324 eaque
2011 3248 2085 3296 re
2112 3223 2311 3297 latius
2360 3221 2564 3344 paul-

303 3327 500 3400 latin
545 3349 630 3399 ac
676 3326 875 3399 latius
926 3327 1221 3424 proterat
1268 3326 1462 3422 regui
1508 3327 1612 3398 sui
1662 3326 1859 3400 fines.
1956 3324 2218 3425 Sponte
2258 3351 2414 3400 vero
2445 3327 2562 3400 iu·-

307 3429 633 3526 telligitis,
686 3429 862 3504 hanc
911 3430 1171 3501 demum
1222 3429 1535 3549 eptimam
1587 3455 1737 3503 esse
1775 3439 1842 3503 et
1873 3431 2307 3504 certissimam
2357 3430 2561 3524 viam,

310 3534 378 3606 si
422 3557 574 3630 qus
619 3557 772 3607 vere
824 3540 896 3605 et
939 3532 1083 3630 ipse
1132 3531 1455 3630 prolicere
1505 3533 1580 3605 ιιι
1625 3534 1867 3607 litteris
1917 3541 1989 3605 et
2026 3534 2284 3606 litterae
2333 3532 2562 3605 facere

308 3644 395 3709 ut
438 3659 574 3707 sua
609 3660 813 3738 opera
860 3636 1334 3709 incrementum,
1384 3636 1655 3736 capiant,
1714 3637 1893 3711 velit.
2014 3633 2186 3709 Nam
2258 3660 2424 3733 quae
2476 3660 2561 3710 eo

312 3740 656 3812 dumtaxat
746 3740 1026 3813 comsilio
1099 3740 1412 3813 discimus
1492 3747 1570 3812 ut
1647 3765 1731 3813 ne
1810 3741 2115 3837 ignorare
2197 3739 2564 3833 videamur,

310 3867 440 3916 nec
516 3842 677 3914 satis
749 3840 1025 3916 fimiter
1087 3843 1429 3916 inhaerent
1509 3844 1759 3916 animo
1791 3868 1917 3917 uec
1999 3844 2263 3918 levitate
2301 3850 2562 3917 -carent

311 3947 456 4038 ffln,
506 3969 678 4042 quae
743 3946 1098 4019 coniuncta
1160 3955 1287 4019 est
1325 3971 1475 4019 cum
1542 3948 1722 4019 omni
1786 3947 2105 4040 scientia,
2177 3948 2366 4022 cuius
2432 3969 2561 4018 nec

312 4049 775 4122 necessitatem
801 4074 926 4122 nec
955 4057 1218 4123 celtum
1230 4073 1422 4122 usum
1450 4050 1780 4124 videmus.
1835 4051 2009 4149 quod
2035 4059 2302 4144 contra,
2356 4072 2574 4148 quum.

315 4152 473 4250 quid
539 4153 791 4248 agimus
854 4154 1182 4252 propositi
1244 4154 1582 4226 cuiusdam
1649 4152 2032 4255 perficiendi
2095 4179 2371 4250 caussa,
2424 4175 2561 4226 non

315 4256 527 4329 salum
580 4255 937 4329 studiosius
986 4258 1049 4328 ei
1096 4256 1206 4329 rei
1244 4258 1677 4357 impendimus
1728 4281 2002 4357 operam
2010 4309 2037 4351 ,
2108 4258 2226 4333 sed
2291 4257 2562 4356 quaeri-

315 4384 460 4432 mus
512 4358 712 4431 etiam
765 4367 832 4433 et
883 4360 1046 4458 quid
1088 4359 1442 4435 adiumenti
1492 4362 1679 4435 nobis
1732 4385 1899 4461 opus
1949 4361 2078 4456 sit,
2149 4368 2218 4435 et
2281 4386 2361 4436 eo
2429 4384 2563 4460 qua

314 4463 569 4538 ratione
617 4463 722 4537 uti
768 4471 1113 4564 oporteat,
1191 4473 1278 4539 ut
1317 4490 1447 4564 quo
1508 4466 1807 4540 volumus
1868 4465 2358 4566 perveniamus:
2426 4489 2559 4564 quo
