3275 5317
1218 1338 1404 1413 DE
1520 1334 2502 1416 BAGHMANNI

747 1535 1557 1628 EDITIONE
1680 1532 2972 1657 LYCOPHROler).

2854 1680 2900 1759 s

903 1962 1559 2070 Lycophronis
1609 1968 2202 2045 Alexandra.
2307 1966 2708 2057 Adfidem
2758 1966 2974 2042 codd.

753 2072 859 2147 M
853 2073 911 2145 S
918 2073 1000 2147 S
1081 2073 1503 2167 recensmt,
1575 2067 2118 2174 pdraplorasin
2192 2070 2565 2143 meduana
2578 2124 2605 2165 ,
2686 2071 2978 2144 scholia

750 2175 1055 2250 minora
1120 2176 1413 2249 inedita
1478 2186 1562 2248 et
1619 2175 1911 2250 i‘ndwes
1980 2164 2602 2274 locupletzsszmos
2678 2175 2984 2248 addodit

750 2278 1176 2353 Ludomcus
1226 2278 1797 2354 Backmannus.
1918 2277 2072 2353 Vol.
2126 2279 2199 2353 Ι.
2278 2278 2607 2379 Lipsiae,
2659 2277 2980 2379 semepti-

753 2381 891 2457 bus
938 2382 2018 2458 fflmzhlas.1830.xw1.et
2069 2370 2243 2457 626.
2294 2408 2411 2482 pp.
2466 2386 2544 2456 8

757 2551 994 2686 Quod
1058 2589 1297 2663 dudum
1349 2586 1837 2665 desiderabatur
1850 2643 1876 2684 ‚
1941 2598 2016 2663 ut
2065 2588 2440 2686 tragoediae
2489 2586 2977 2686 Lycophronis,

756 2717 924 2790 quae
984 2693 1144 2766 satis
1206 2694 1374 2765 mira
1440 2694 1697 2791 quidem
1760 2718 1885 2767 nec
1949 2694 2128 2766 lectu
2192 2693 2511 2784 iucunda,
2582 2691 2698 2781 sed
2763 2699 2981 2764 tamen

755 2795 951 2894 plena
999 2804 1102 2870 est
1151 2804 1218 2869 et
1264 2797 1499 2869 fabulis
1548 2797 2090 2870 reconditior-ibus
2154 2804 2221 2868 et
2269 2796 2622 2868 rarioribus
2692 2795 2979 2867 vocabu-

757 2898 866 2992 lis,
920 2923 1000 2972 ea
1048 2899 1460 2972 adhiberetur
1509 2901 1669 2973 artis
1722 2901 1993 2973 criticae
2044 2923 2282 2997 opera,
2336 2922 2538 2995 quaml
2590 2897 2756 2970 haec
2806 2905 2980 2970 tem-

756 3025 921 3100 pora
967 3002 1322 3100 postulant,
1374 3003 1444 3074 id
1493 3003 1756 3077 tandem
1804 3002 2171 3076 incredibili
2223 3001 2557 3097 diligentia
2604 2997 2698 3073 L.
2750 2999 2980 3073 Bach-

756 3104 978 3176 manni
1027 3103 1326 3178 effectum
1378 3112 1503 3197 est,
1558 3107 1670 3203 qui
1717 3106 1844 3179 hoc
1891 3106 2058 3177 libro
2110 3105 2209 3177 sic
2260 3112 2363 3176 est
2415 3103 2494 3175 de
2543 3100 2981 3200 Lycophrone

757 3206 1027 3278 meritus
1041 3257 1068 3299 ,
1131 3215 1207 3278 ut
1234 3230 1487 3302 -magna
1536 3209 1599 3280 ei
1649 3232 1690 3280 a
1737 3208 2079 3305 philologis
2145 3207 2356 3302 gratia
2408 3206 2738 3278 debeatur.
2844 3203 2982 3279 Se-

759 3307 1039 3380 bastiani
1099 3331 1291 3406 quam
1353 3309 1515 3381 levis
1568 3318 1635 3383 et
1696 3311 2029 3407 negligens
2095 3333 2296 3406 opera
2358 3308 2593 3403 fuerit,
2659 3309 2784 3381 etsi
2848 3332 2981 3382 non

761 3410 1054 3531 ignotum
1133 3419 1312 3504 erat,
1391 3436 1565 3484 nuuc
1644 3413 1870 3485 sedula
1931 3411 2338 3484 Bachmauni
2427 3435 2588 3484 cura
2650 3419 2981 3484 monstra-

763 3514 859 3588 vit
922 3514 1351 3612 apertissime.
1483 3513 1555 3586 Is
1622 3516 1904 3613 quinque
1957 3523 2023 3588 et
2089 3515 2318 3611 viginti
2367 3538 2525 3586 usus
2576 3523 2680 3587 est
2729 3514 2982 3587 codici-

764 3615 926 3710 buS,
1004 3641 1277 3715 quorum
1348 3618 1694 3716 plerosque
1775 3620 1919 3715 ipse
1991 3618 2300 3715 inspexit.
2426 3615 2545 3688 Ex
2610 3617 2694 3688 iis
2772 3618 2933 3691 duos
2951 3669 2978 3712 ,

767 3719 878 3816 qui
927 3719 1131 3792 seculi
1181 3719 1417 3793 decimi
1467 3729 1658 3814 sunt,
1727 3730 1876 3794 ante
1942 3721 2263 3793 Tzetzam
2328 3720 2609 3818 scriptos
2660 3744 2805 3792 esse
2856 3745 2983 3818 pa-

764 3828 898 3912 tet3
976 3821 1088 3893 alii
1139 3829 1441 3919 quattuor
1490 3831 1644 3897 sunt
1692 3824 1868 3897 tertii
1919 3824 2154 3917 decimi
2202 3823 2445 3913 seculi3
2498 3824 2740 3896 caeteri
2769 3822 2978 3897 XIX.

764 3924 1162 3997 recentiores
1212 3926 1505 4022 quidem,
1573 3926 1691 4001 sed
1758 3927 1957 4026 aliqui
2021 3951 2243 4000 eorum
2293 3926 2479 3999 bonis
2547 3950 2632 3998 ex
2695 3925 2980 3999 fontibus

764 4025 1057 4102 derivati.
1158 4025 1302 4102 Eos
1352 4030 1615 4104 codices
1665 4029 2124 4104 Bachmannus
2176 4029 2520 4126 descripsit
2580 4031 2651 4099 in
2716 4030 2979 4126 praefa-

934 4335 994 4416 *)
1039 4339 1378 4398 Germanice
1433 4337 1645 4416 scripta
1687 4338 1841 4397 edita
1882 4345 1969 4396 est
2007 4336 2151 4397 haec
2193 4354 2427 4396 censura
2476 4338 2537 4395 in
2578 4338 2792 4398 diurnis
2833 4320 2979 4398 litte-

770 4422 929 4482 rariis
970 4422 1354 4503 Lipsiensibus
1400 4443 1452 4488 a.
1502 4424 1688 4488 1831.
1731 4441 1809 4488 m.
1853 4421 2064 4484 Martio
2106 4440 2165 4488 n.
2211 4424 2312 4488 52.
2358 4425 2461 4487 53.
2505 4421 2607 4487 54.
