3275 5317
872 459 1117 521 POST
1157 460 1539 522 OBITVM
1578 460 1928 528 BECKII.
2394 462 2529 527 31⁷

243 593 250 600 ο
293 579 570 710 meant,
640 644 726 692 ex
791 619 940 692 rudi
1002 621 1450 720 indigestaque
1517 611 1824 720 congerie
1887 623 1984 696 ita
2045 631 2148 696 est
2210 647 2530 721 expansa,

295 722 804 821 expanditurq'ue
854 733 1169 822 perpetuo
1219 726 1416 797 latius
1468 734 1606 798 tum
1656 726 2038 824 inquirendo
2087 727 2159 797 in
2225 726 2534 799 metallo-

292 852 473 918 rum,
560 826 918 921 germinum
934 878 959 917 ,
1027 828 1402 901 animalium
1476 838 1777 902 naturam
1793 881 1819 920 ,
1895 837 2035 901 tum
2101 829 2393 901 adeundo
2445 829 2532 900 ad

291 931 549 1026 ignotas
601 929 812 1002 adbuc
863 953 1039 1022 oras,
1092 939 1167 1004 ut
1214 931 1346 1002 iam
1395 955 1527 1004 non
1577 941 1823 1004 temere
1892 935 2366 1029 'comportatam
2416 956 2532 1004 re-

290 1057 437 1104 rum
485 1032 960 1105 multitudinem
1011 1041 1079 1105 et
1128 1034 1506 1106 varietatem
1522 1086 1547 1126 ,
1602 1035 1719 1105 sed
1787 1034 2179 1132 descriptam
2230 1036 2300 1107 in
2352 1035 2535 1114 clas-

291 1160 396 1208 ses
449 1143 518 1208 et
569 1136 867 1227 ordines,
935 1135 1337 1234 mirificoque
1401 1137 1575 1209 inter
1636 1161 1710 1208 se
1760 1162 1935 1209 nexu
1986 1138 2357 1234 copulatam
2405 1137 2537 1210 ha-

292 1240 584 1329 beamus,
639 1246 705 1310 et
755 1239 964 1334 magis
1014 1240 1350 1336 magisque
1404 1240 1490 1312 ad
1540 1240 1823 1336 aliquam
1886 1241 2309 1338 perfectionis
2373 1265 2537 1338 spe·-

290 1343 460 1418 ciem
512 1341 933 1413 adducamus.
1037 1340 1190 1414 Non
1241 1343 1453 1414 minus
1513 1368 1733 1417 rerum
1799 1343 1880 1415 ab
1947 1368 2183 1439 genere
2251 1344 2537 1417 humano

289 1445 552 1545 publice
602 1444 1027 1542 privatimque
1078 1453 1408 1541 gestarum
1458 1446 1733 1519 historia
1796 1454 2047 1519 tantam
2110 1454 2384 1544 experta
2433 1454 2536 1519 est

290 1548 861 1646 pervestigationis
927 1548 1314 1620 industriam
1330 1601 1356 1641 ,
1436 1558 1550 1636 ut,
1619 1574 2027 1648 quocumque
2093 1550 2238 1646 quis
2306 1550 2534 1624 oculos

292 1651 628 1743 coniiciat,
681 1675 849 1748 pene
899 1652 1108 1748 magis
1161 1676 1353 1749 quam
1405 1654 1610 1726 multa
1675 1654 1959 1726 nondum
2013 1653 2534 1749 cognoverimuS,

291 1779 488 1853 quam
553 1754 709 1851 quid
772 1754 1055 1828 sciamus
1076 1808 1101 1848 ,
1183 1765 1518 1853 appareat.
1636 1755 1811 1829 Nam
1878 1781 2074 1854 quum
2129 1757 2230 1828 vel
2280 1780 2533 1849 eorum,

293 1882 462 1955 quae
511 1856 705 1930 hodie
757 1866 951 1955 atque
1003 1859 1165 1931 adeo
1218 1860 1405 1930 nobis
1456 1860 1976 1957 inspectantibus
2021 1866 2328 1954 aguntur,
2381 1860 2534 1956 ple-

289 1985 497 2058 raque
549 1961 850 2056 ambigua
901 1962 1033 2034 sint
1084 1971 1276 2059 atque
1325 1963 1603 2054 incerta,
1658 1971 1900 2061 quanto
1952 1962 2336 2036 obscuriora
2385 1985 2533 2034 esse

291 2088 565 2137 necesse
616 2071 743 2156 est,
800 2088 963 2162 quae
1013 2066 1234 2138 multis
1286 2073 1437 2139 ante
1488 2091 1609 2138 nos
1660 2066 1900 2138 seculis
1965 2074 2152 2161 gesta
2215 2064 2321 2137 vel
2383 2090 2535 2138 mo·-

292 2168 727 2241 nimentornm
793 2169 1066 2265 penuria
1117 2176 1230 2240 aut
1296 2160 1780 2266 depravatione,
1851 2169 1955 2241 vel
2002 2168 2269 2241 testium
2338 2167 2536 2240 dubia

292 2269 420 2343 fide
437 2323 462 2363 ,
528 2270 633 2342 vel
694 2272 983 2344 inanium
1051 2281 1560 2344 commentorum
1622 2273 1839 2365 fama,
1901 2273 2006 2344 vel
2068 2271 2328 2343 barbari
2392 2271 2543 2343 aevi

296 2359 616 2448 oblivione
665 2373 765 2446 sic
816 2375 1165 2448 obscurata
1214 2385 1282 2449 et
1330 2377 1709 2473 perturbata
1759 2384 1934 2468 sunt,
1989 2383 2063 2446 ut
2112 2398 2264 2448 vera
2314 2399 2357 2447 a
2405 2375 2540 2446 fal·-

297 2478 387 2550 sis
437 2478 884 2550 internoscere
933 2478 1120 2551 labor
1169 2480 1257 2551 sit
1308 2478 1752 2553 difficillimus.
1857 2477 2165 2570 Accedit,
2219 2478 2394 2588 quod
2427 2479 2541 2576 qui

297 2581 631 2701 explic-are
679 2580 808 2652 ista
859 2589 1052 2678 atque
1104 2583 1412 2679 expedire
1465 2584 1685 2656 conati
1735 2590 1923 2675 sunt,
1992 2601 2265 2680 quornm
2315 2590 2542 2654 nostra

296 2684 705 2804 potissimum
771 2691 952 2755 aetas
1016 2709 1147 2757 non
1213 2709 1463 2781 paucos
1529 2686 1680 2757 tulit
1758 2686 2034 2757 eximios
2117 2686 2315 2776 viros,
2386 2684 2541 2756 dum

296 2789 436 2861 iure
453 2849 470 2868 .
486 2786 808 2859 increduli
863 2795 1111 2859 veteres
1175 2788 1428 2859 fabulas
1481 2787 1911 2884 spernebant,
1963 2786 2189 2859 iudicii
2241 2787 2541 2860 acumine

298 2915 553 2966 errores
618 2889 877 2986 quidem
942 2891 1338 2980 inveteratos
1405 2890 1798 2987 expulerunt
1862 2889 2259 2988 permultos,
2322 2890 2543 2987 pluri-

297 3018 677 3091 marumque
742 3018 960 3066 rerum
1015 2994 1351 3066 veritatem
1418 2993 1867 3065 stabiliverunt
1934 2993 2296 3065 certissime
2311 3043 2338 3085 ,
2422 2992 2543 3066 sed

297 3099 495 3171 iidem
561 3098 758 3169 etiam
821 3096 1095 3169 audacia
1161 3096 1573 3169 coniectandi
1637 3120 1772 3169 non
1835 3119 2048 3193 pauca
2063 3146 2088 3187 ,
2177 3118 2343 3193 quae
2414 3093 2541 3167 sibi

298 3226 454 3276 vera
501 3200 906 3294 videbantur,
960 3200 1056 3271 ita
1106 3207 1527 3291 exornarunt,
1594 3206 1671 3271 ut
1735 3223 1937 3272 novos
2002 3199 2375 3296 pepererint
2425 3221 2544 3269 er·-

298 3330 509 3397 rores,
559 3305 972 3400 laboremque
1024 3327 1273 3395 eorum,
1329 3302 1440 3400 qui
1492 3302 1801 3400 deinceps
1853 3302 2080 3374 eadem
2143 3302 2384 3375 vellent
2431 3309 2545 3375 at·-

297 3410 549 3505 tingere
564 3460 589 3501 ,
655 3407 848 3479 simul
914 3405 1278 3478 adiuverint
1289 3458 1315 3498 ,
1402 3405 1595 3476 simul
1664 3414 1884 3478 autem
1947 3405 2144 3478 etiam
2210 3406 2545 3478 auxerint.

298 3512 618 3607 Magnum
642 3511 837 3583 etiam
871 3517 938 3582 et
966 3508 1289 3580 laudabile
1326 3509 1610 3582 studium
1634 3510 1996 3606 impensum
2031 3515 2134 3579 est
2171 3510 2242 3578 in
2279 3508 2541 3602 linguas

299 3623 592 3687 veterum
641 3614 1054 3711 populorum,
1109 3613 1441 3710 multoque
1491 3611 1652 3683 illud
1705 3612 1926 3684 sanius
1994 3619 2060 3683 et
2124 3636 2201 3685 re
2266 3610 2381 3682 illa
2432 3609 2542 3682 di-

300 3718 514 3815 gnius,
570 3741 763 3814 quam
815 3742 941 3814 quo
991 3740 1126 3789 non
1172 3716 1269 3788 ita
1318 3715 1571 3813 pridem
1619 3715 1719 3787 illi
1769 3714 1924 3811 ipsi,
1980 3714 2090 3811 qui
2121 3713 2243 3787 toti
2288 3738 2360 3785 se
2387 3712 2543 3788 huic

300 3821 564 3918 negotio
617 3819 949 3911 dederant,
1004 3826 1471 3893 consueverant
1532 3817 1912 3914 procedere.
2031 3815 2179 3889 Nec
2241 3816 2546 3915 profecto

301 3923 429 3998 hoc
481 3923 763 3997 studium
811 3923 939 3994 vile
991 3929 1104 3994 aut
1151 3923 1292 3994 leve
1348 3927 1450 3992 est
1499 3920 1876 4017 putandum.
1983 3919 2157 4011 Quid
2210 3920 2384 3992 enim
2435 3920 2545 3991 di-

302 4026 513 4099 vinias
564 4049 948 4100 concessum
997 4033 1100 4098 est
1146 4024 1508 4097 bominibus
1523 4074 1548 4115 ,
1602 4047 1796 4119 quam
1845 4022 2104 4119 lingua,
2172 4047 2337 4142 quae
2388 4046 2548 4096 ver-

303 4130 404 4202 bis
454 4137 682 4203 notare
734 4136 802 4202 et
852 4127 1394 4226 comprehendere
1443 4150 1662 4198 rerum
1711 4126 1977 4199 notitias
2044 4127 2291 4223 possit,
2361 4126 2548 4199 sola-

306 4258 432 4333 que
480 4232 550 4305 id
601 4230 868 4323 efficiat,
920 4239 994 4303 ut
1043 4257 1176 4304 non
1225 4232 1434 4304 solum
1487 4230 1776 4326 cogitata
1838 4230 2316 4302 communicare
2373 4229 2549 4306 inter

307 4361 455 4430 noe,
511 4335 628 4409 sed
677 4337 891 4434 ipsum
938 4334 1099 4406 illud
1146 4335 1514 4434 possimus,
1569 4332 1907 4429 cogitare,
1948 4332 2021 4405 id
2069 4340 2207 4424 est,
2271 4356 2395 4431 per
2445 4332 2549 4405 si·-

308 4463 440 4539 gna
503 4438 818 4538 quaedam
879 4437 1163 4513 retinere
1224 4438 1524 4516 notiones
1585 4461 1806 4515 rerum
1819 4488 1847 4532 ‚
1927 4460 2310 4537 comparare
2375 4436 2550 4511 inter
