3275 5317
717 506 834 576 <so
1197 482 1200 485 ⁴
1620 501 2068 570 sonoris

741 663 1162 769 Λαμπουρὲ
1208 664 1442 761 κύων,
1493 664 1783 741 additum
1829 664 2025 740 habet
2072 661 2306 756 κύων,
2357 670 2433 737 nt
2470 669 2818 763 appareret
2846 686 2968 738 oa·-

747 796 925 864 nem,
975 795 1107 844 non
1159 795 1429 868 caprum
1479 778 1595 843 aut
1640 771 1895 843 hircum
1945 766 2383 889 significaris
2427 766 2615 859 Quae
2667 789 2820 841 cum
2867 766 2972 839 his

607 871 1054 949 1062confert
1100 871 1580 947 Valckenarius
1630 873 1967 971 exempla,
2018 872 2089 943 in
2119 871 2348 969 quibus
2397 894 2531 943 non
2579 877 2682 941 est
2722 868 2981 942 nomini

744 978 1035 1050 additum
1082 975 1351 1050 bovisne
1403 1000 1489 1047 an
1538 977 1679 1049 ovis
1730 1000 1815 1048 an
1884 974 2068 1048 canis
2131 998 2368 1046 nomen
2418 972 2544 1065 sit,
2625 996 2757 1045 non
2822 973 2979 1093 quia

744 1079 898 1152 addi
944 1086 1125 1152 recte
1174 1104 1308 1153 non
1372 1079 1660 1176 potuerit
1708 1086 1936 1152 carent
1984 1102 2063 1151 eo
2075 1130 2101 1171 ‚
2167 1076 2313 1151 sed
2351 1075 2504 1173 quia
2565 1099 2781 1148 sermo
2833 1075 2979 1172 ipse

747 1184 910 1255 satis
957 1182 1180 1280 prodit
1231 1205 1395 1281 quae
1443 1182 1657 1255 bestia
1706 1182 1985 1254 dicatur.
2087 1149 2391 1275 Denique
2453 1176 2603 1254 τὰν
2650 1174 2981 1275 μιτύλαν

746 1284 930 1387 αἶγα
978 1309 1044 1358 v.
1097 1287 1223 1358 86.
1272 1286 1415 1383 ipse
1466 1281 1945 1357 Valckenarius
1963 1333 1989 1375 ,
2055 1290 2132 1355 ut
2191 1280 2664 1381 reprehendere
2713 1281 2983 1378 poetam'

745 1394 998 1486 posset,
1047 1386 1197 1464 τάν
1244 1383 1606 1463 Μιτύλαν
1657 1386 1836 1487 αἶγα
1901 1382 2217 1459 exaravit.
2333 1381 2486 1457 Hoc
2549 1382 2808 1481 quidem
2879 1391 2986 1457 est

746 1489 1157 1563 calumniari.
1275 1488 1632 1562 Praetereo
1697 1489 1828 1561 alia
1841 1539 1867 1580 ,
1933 1489 2005 1559 in
2056 1487 2287 1584 quibus
2353 1477 2718 1560 doctrinam
2769 1485 2983 1583 quivis

746 1591 995 1686 laudet,
1046 1591 1336 1688 argutias
1387 1599 1605 1663 autem
1617 1641 1644 1682 ,
1712 1590 1942 1688 quibus
2006 1589 2288 1663 Moscho
2357 1613 2550 1686 quam
2613 1588 2984 1663 Theocrito

747 1702 1003 1792 partem
1053 1694 1360 1767 carminis
1410 1691 1784 1767 adscribere
1845 1692 2133 1784 mavult,
2201 1715 2394 1764 nemo
2460 1691 2657 1765 facile
2719 1692 2983 1790 probet.

746 1794 894 1870 Sed
940 1821 1013 1894 p.
1040 1800 1115 1869 9.
1142 1821 1326 1899 seqq.
1378 1803 1720 1917 postquam
1770 1819 2030 1869 versum
2057 1794 2184 1869 57.
2237 1794 2763 1868 invenustissima
2811 1817 2985 1869 con-

740 1898 999 1975 iectura
1046 1898 1146 1973 sic
1197 1900 1399 2022 scribi
1446 1899 1680 1972 iussit.

946 2049 1292 2153 δένδρεσι
1348 2047 1494 2149 μὲν
1549 2049 1840 2151 χειμών
1905 2046 2277 2228 φοβερόέ·
2345 2047 2584 2127 κακὸν
2645 2049 2986 2128 οὔθασιν

1971 2183 2177 2251 αυχμ
2223 2181 2284 2241 ς,

749 2304 1075 2404 spondeos
1123 2312 1370 2380 temere
1418 2304 1784 2405 vitupzerat
1837 2303 1919 2378 de
1969 2305 2201 2403 quibus
2251 2326 2452 2404 supra
2501 2285 2773 2377 dictum.
2838 2244 2989 2378 Sed

747 2408 881 2481 ista
931 2408 1188 2506 quidem
1236 2408 1349 2480 ille
1397 2407 1648 2481 iuvenis
1698 2407 1985 2505 scripsit.
2088 2406 2338 2480 Postea
2385 2431 2538 2479 vero
2589 2406 2659 2478 in
2700 2406 2988 2480 editione

750 2509 1101 2583 Theocriti
1150 2510 1237 2587 ad
1282 2536 1348 2584 v.
1402 2511 1527 2583 82.
1580 2511 1681 2584 sic
1731 2508 2079 2582 iudicavit·
2056 2560 2078 2578 .
2151 2506 2291 2606 qui
2336 2519 2760 2605 θεραπηίην
2807 2533 2990 2584 ver·
3066 2558 3071 2563 -

750 2634 880 2684 sus
933 2611 1129 2686 XII.
1182 2622 1266 2684 et
1308 2610 1568 2709 prebui
1621 2612 1709 2685 in
1772 2612 1916 2684 Ιιοο
1981 2611 2325 2683 carmine
2396 2610 2742 2685 XXVII.
2793 2610 2997 2684 milei

747 2714 1110 2788 vallentur
1174 2713 1625 2788 Theocrotei.
1731 2716 1907 2809 Quid
1951 2723 2094 2787 erat
2120 2715 2382 2788 tandem
2411 2715 2584 2812 quod
2630 2716 2779 2788 illos
2830 2723 2989 2789 tan-

748 2827 891 2893 tum
938 2843 1166 2893 versus
1217 2842 1379 2916 quos
1434 2819 1600 2891 dixit
1669 2844 1789 2916 pro
1842 2818 2261 2891 Theocriteis
2311 2817 2614 2911 haberet,
2684 2826 2990 2891 caeteros

748 2930 970 2995 autem
1020 2915 1411 2996 damnaret?
1461 2922 1848 3019 praesertim
1897 2945 2093 3018 quum
2143 2945 2230 2994 ex
2277 2921 2422 2992 istis
2489 2927 2669 2994 certe
2734 2921 2991 2995 duabus

749 3025 1091 3124 particulis
1154 3050 1288 3099 non
1347 3026 1559 3123 possit
1638 3032 1862 3122 aptum
1938 3048 2204 3097 carmen
2267 3021 2527 3097 confici.
2659 3019 2989 3123 Apertum

754 3152 902 3200 esse
951 3128 1256 3221 arbitror,
1306 3129 1519 3201 virum
1568 3128 2049 3219 doctissimum,
2108 3137 2306 3224 quum
2356 3125 2669 3198 sensisset
2719 3150 2865 3199 esse
2916 3128 2991 3200 in

752 3228 883 3302 hoc
934 3230 1221 3301 carmine
1250 3253 1416 3326 quae
1465 3253 1699 3326 parum
1749 3228 2152 3302 Theocritea
2200 3229 2607 3322 viderentur,
2677 3253 2812 3300 non
2862 3252 2992 3303 ac-

753 3338 983 3404 curate
1035 3332 1426 3428 quaesivisse
1478 3332 1559 3404 de
1611 3354 1693 3403 ea
1740 3355 1838 3423 re,
1892 3330 2009 3403 sed
2057 3355 2255 3403 sensu
2301 3331 2416 3403 illo
2483 3330 2941 3404 admonitum
2917 3357 2992 3405 ιιι

754 3433 1088 3506 vocabulis
1139 3433 1520 3533 quibusdam
1570 3441 1639 3505 et
1686 3433 1910 3508 metris
1940 3433 2311 3506 laborasse.
2366 3457 2530 3530 quae
2573 3434 2809 3507 debent
2855 3460 2991 3533 po·-

755 3544 999 3611 strema
1036 3535 1376 3631 accedere,
1427 3535 1541 3609 ubi
1589 3543 1695 3609 est
1742 3535 1823 3608 de
1871 3536 2170 3633 genuinis
2220 3543 2289 3610 et
2329 3560 2467 3609 non
2494 3537 2792 3632 genuinis
2843 3538 2990 3610 dis·

753 3638 1172 3736 ceptandum.
1569 3637 1663 3702 ἱ

964 3738 1464 3814 Consideremus
1512 3740 1801 3838 idyllium
1859 3740 1987 3815 hoc
2050 3741 2180 3818 alio
2230 3741 2448 3815 modo.
2566 3739 2993 3818 constituunt

756 3840 1060 3964 Daphnis
1110 3850 1179 3917 et
1225 3843 1569 3918 Menalcas
1635 3852 1890 3916 certare
1954 3844 2276 3919 cantando
2296 3896 2324 3938 ,
2389 3823 2605 3917 iudice
2669 3843 2988 3920 advocato

762 3946 1090 4045 caprario.
1210 3934 1484 4021 Certant
1547 3946 1797 4018 duobus
1863 3947 2253 4020 carminibus
2267 3998 2293 4040 ,
2378 3946 2584 4019 altero
2665 3947 2984 4044 elegiaco,

761 4050 1141 4123 hexametro
1192 4049 1436 4124 altero.
1492 4050 1803 4122 victorem
1854 4050 2190 4147 caprarius
2233 4050 2622 4146 pronunciat
2645 4047 2986 4147 Daphnin.

760 4149 1008 4226 Statim
1056 4154 1221 4227 haec
1268 4151 1553 4226 inventio
1606 4152 1909 4225 carminis
1958 4152 2126 4223 mira
2174 4160 2299 4224 est.
2402 4148 2556 4224 Vno
2607 4152 2780 4226 enim
2830 4177 2990 4227 car-

762 4254 937 4328 mine
985 4257 1229 4355 potius,
1282 4278 1475 4353 quam
1524 4254 1773 4328 duobus
1824 4262 2079 4327 certare
2143 4277 2380 4353 pueros
2446 4263 2829 4375 exspectes-⁸
2808 4305 2830 4345 ‚
2882 4257 2990 4329 sin

761 4363 979 4430 autem
1030 4358 1305 4451 duobus,
1354 4360 1573 4457 priore
1621 4356 1997 4430 hexametro
2012 4407 2038 4449 ,
2104 4365 2245 4430 tum
2292 4381 2445 4430 vero
2458 4405 2484 4451 ‚
2536 4364 2613 4429 ut
2671 4359 2989 4433 maiorem

765 4466 971 4533 artem
1022 4462 1463 4559 ostenderent,
1514 4461 1829 4561 elegiaco.
1934 4457 2031 4534 Et
2079 4461 2238 4535 satis
2290 4460 2547 4559 quidem
2571 4459 2700 4534 hoc
2743 4469 2854 4535 est
2901 4464 2987 4536 ad
