3275 5317
771 479 899 549 ιω
1407 439 1557 544 ’ΒΕ
1596 479 2342 566 micantum-13

976 639 1440 741 Γηρυονείας
1490 640 1761 746 ἀγέλας
1810 638 2054 720 ἐλάων
2102 642 2232 739 ἠδ’
2278 640 2691 741 Ἐρύθειαν
2726 643 2955 749 ἄγων.

978 744 1117 828 τὰς
1164 743 1249 820 δ’
1304 743 1682 845 ἐδάμασσε
1726 742 1961 844 πόθῳ
2014 743 2526 845 Πασιφάεσσα
2579 743 2766 823 θεά.

980 846 1161 945 τῇδε
1210 848 1304 925 δέ
1345 878 1478 948 μοι
1525 851 1765 947 τέκνῳ
1812 857 1924 948 τῷ
1974 847 2055 926 δ’
2077 847 2404 947 'Epo-9012
2451 876 2532 925 τε
2587 846 2860 952 δάμαρ

980 952 1462 1084 νυμφογενὴς
1503 949 1807 1052 ’Effe-q
1827 973 1845 990 ·
1901 950 1998 1049 δὴ
2051 949 2224 1029 τόδ’
2279 950 2526 1029 ἔδωκα
2577 952 2824 1031 πέδον

980 1079 1483 1156 μναμοσυνον
1535 1054 1829 1156 φιλίας,
1880 1064 2104 1161 φηγῷ
2152 1055 2301 1133 ὑπὸ
2354 1063 2646 1158 σκιερᾷ.

773 1188 1024 1294 τούτῳ
1072 1202 1208 1294 τῷ
1249 1190 1760 1299 ἐπιγράμματι
1809 1189 2220 1294 ἐπεχώρησε
2270 1192 2400 1270 καὶ
2446 1193 2488 1269 ὃ
2555 1189 2797 1279 τόπος
2846 1195 3016 1270 ἐκεῖ-

778 1326 909 1382 νος
939 1299 1289 1396 ’Έρυθος
1337 1293 1837 1397 καλούμενος,
1886 1297 2019 1378 καὶ
2081 1298 2198 1373 ὅτι
2268 1300 2560 1374 ἐκεῖθεν
2626 1297 2771 1383 τὰς
2835 1299 3016 1397 βοῦς

778 1400 908 1478 καὶ
976 1403 1118 1479 οὐκ
1183 1403 1293 1487 35³
1351 1400 1764 1501 Ἐρυθείας
1839 1401 2156 1504 ἤγαγεν·
2237 1398 2417 1479 οὐδὲ
2493 1400 2653 1506 γὰρ
2725 1404 2808 1476 έν
2871 1404 3019 1483 τοῖς

778 1502 979 1581 κατὰ
1026 1501 1342 1605 Λιβύην
1407 1502 1538 1579 καὶ
1598 1505 1760 1580 κατ’
1822 1502 2157 1604 Ἰβηρίαν
2205 1500 2462 1589 τόποις
2513 1502 2873 1603 οὐδαμοῦ
2932 1501 3013 1577 τὸ

782 1604 1029 1706 ὄνομά
1084 1632 1276 1706 φασι
1327 1608 1701 1710 λέγεσθαι
1733 1614 1865 1700 τῆς
1908 1605 2342 1706 Ἐρυθείας.
2443 1605 2643 1682 Haec
2695 1606 2811 1705 qui
2859 1629 3018 1679 con-

784 1710 1054 1804 sideret‚
1105 1710 1305 1784 facile
1353 1709 1701 1806 intelligat,
1753 1709 2038 1807 viditque
2087 1710 2157 1782 id
2179 1709 2616 1803 wolckerus,
2668 1708 3015 1784 Herculem

779 1812 895 1887 illo
947 1813 1412 1912 epigrammate
1464 1813 1594 1886 dici
1643 1814 1867 1887 lucum
1908 1837 2329 1890 consecrasse
2359 1811 2640 1904 Veneri,
2697 1837 2827 1910 quo
2875 1811 3013 1883 loco

777 1913 1081 2014 Erythia,
1134 1916 1453 2017 nymphae
1504 1917 1872 2016 cuiuspiam
1894 1927 1898 1931 *
1918 1914 2055 1988 filia
2069 1967 2094 2008 ,
2147 1941 2341 2014 quam
2405 1915 2606 1989 simul
2650 1940 2828 1994 ,cum
2876 1910 3015 1991 Ge·

777 2044 1028 2124 ryonae
1077 2020 1288 2094 bubus
1340 2045 1566 2094 secum
1619 2019 1936 2113 ducebat,
1988 2017 2193 2110 filium
2243 2019 2307 2093 ei
2356 2019 2719 2118 'pepererit
2780 2039 3013 2091 couce-

780 2130 970 2222 ptum
1018 2123 1138 2196 sub
1189 2123 1497 2196 umbrosa
1550 2123 1730 2220 fago,
1783 2122 1894 2197 cui
1943 2122 2207 2218 coniugi
2256 2143 2413 2195 suae
2463 2146 2621 2196 eum
2673 2123 2892 2195 locum
2938 2116 3012 2189 ab

781 2249 857 2300 se
910 2225 1079 2300 dono
1131 2249 1280 2299 esse
1330 2221 1585 2300 datum.'
1678 2223 1824 2299 Sed
1875 2249 2098 2298 versus
2147 2226 2315 2324 ipsi,
2368 2249 2533 2324 quos
2585 2232 2780 2325 patet
2826 2221 3012 2296 vehe-

779 2336 1036 2403 menter
1088 2337 1434 2427 corruptos
1486 2352 1631 2402 esse
1647 2382 1674 2422 ,
1727 2327 2050 2427 quomodo
2114 2328 2497 2401 restituendi
2563 2329 2704 2402 sint
2765 2324 3012 2399 dubita-

780 2439 936 2508 tur..
1016 2428 1127 2504 Ac
1176 2457 1242 2504 v.
1303 2437 1373 2505 1.
1422 2431 1574 2504 libri
1623 2432 1820 2505 etiam
1861 2430 2282 2528 Ἡρακλέος,
2328 2431 2819 2530 Ἡρακλέους,
2882 2434 3021 2508 tum-

779 2533 1182 2631 τεμένιστε,
1209 2533 1493 2630 τεμένει
1519 2561 1626 2628 τε,
1671 2542 1739 2606 et
1764 2533 1914 2608 cod.
1945 2531 2231 2608 Vindob.
2265 2534 2452 2608 cuius
2483 2536 2850 2634 scripturas
2877 2552 3010 2603 me-

780 2637 1061 2710 moravit
1108 2635 1540 2730 Welckerus,
1589 2637 2001 2735 τεμένισσῳ
2049 2636 2386 2737 praebent.
2488 2635 2777 2711 Veneris
2828 2653 3005 2732 quum

633 2753 638 2768 ¹
779 2764 908 2814 nec
982 2738 1550 2839 Phersepbaassae
1624 2764 1753 2814 nec
1801 2739 2283 2839 Pasiphaessae
2331 2765 2703 2838 cognomen
2764 2733 3007 2810 aliunde

782 2851 1012 2918 notum
1063 2844 1175 2937 sit,
1226 2842 1391 2917 illud
1440 2843 1701 2942 quidem
1754 2843 1865 2942 qui
1912 2844 2293 2942 incorrupto
2341 2842 2588 2918 iudicio
2618 2850 2843 2918 utatur
2888 2858 3008 2910 nou

784 2946 1144 3022 adducetur
1210 2956 1285 3021 ut
1346 2947 1615 3041 credat,
1684 2948 1977 3020 eamdem
2016 2946 2215 3020 deam
2265 2947 2407 3038 sine
2456 2946 2593 3018 ulla
2631 2966 2871 3030 caussa
2894 2938 3008 3016 ,his

781 3059 920 3124 tam
970 3051 1286 3123 similibus
1338 3059 1406 3123 et
1455 3059 1677 3124 tamen
1723 3057 2049 3148 potestate
2098 3058 2234 3122 tam
2288 3049 2558 3122 diversis
2609 3040 3008 3146 cognomini-

779 3153 905 3225 bus
955 3162 1091 3226 tam
1139 3153 1321 3226 brevi
1384 3153 1456 3224 in
1523 3154 1989 3251 epigrammate
2051 3177 2201 3225 esse
2261 3152 2679 3250 appellatam.
2800 3147 3007 3241 Quare

785 3277 985 3352 quum
1033 3255 1148 3326 alii
1199 3279 1345 3327 eam
1393 3254 1496 3327 bis
1544 3253 2139 3354 Phersephaassam
2153 3306 2180 3347 ,
2244 3254 2572 3328 Buherius
2638 3261 2856 3328 autem
2914 3245 3006 3318 bis

783 3355 1288 3456 Pasiphaessam
1337 3357 1580 3430 dictam
1628 3359 2075 3451 censuissent,
2127 3357 2281 3431 huic
2334 3367 2513 3432 certe
2562 3383 2697 3433 non
2749 3350 3007 3428 debebat

787 3459 1050 3559 obloqui
1110 3458 1536 3534 Welckerus.
1652 3458 1828 3534 Nam
1911 3458 2423 3560 Πασιφάεσσα
2503 3487 2625 3537 cur
2692 3459 2865 3533 dicta
2923 3450 3004 3524 sit

786 3561 1043 3651 Venus,
1092 3563 1288 3637 facile
1339 3555 1577 3638 caussa
1623 3562 1901 3637 inveniri
1948 3572 2169 3664 potest
2179 3566 2293 3659 *ῆς
2345 3590 2477 3647 non
2524 3565 2684 3639 item
2737 3584 2855 3635 cur
2891 3578 3005 3629 vo·-

787 3673 940 3739 cata
988 3665 1076 3738 sit
1126 3662 1711 3765 Φερσεφᾶασσα.
1802 3666 1986 3758 ‚Nam
2036 3693 2202 3766 quae
2233 3677 2635 3744 commentus
2667 3673 2771 3740 est
2817 3656 3009 3742 Welss

788 3767 1055 3860 ckerus,
1105 3776 1181 3841 ut
1229 3767 1422 3843 huius
1483 3770 1763 3843 nominis
1825 3771 2144 3846 rationem
2209 3772 2588 3871 expediret,
2655 3792 2788 3842 non
2850 3781 3001 3862 opus

789 3879 891 3946 est
937 3871 1235 3947 refutari.
1338 3869 1548 3949 Immo
1598 3898 1732 3950 nou
1779 3882 2000 3975 potest
2042 3874 2330 3949 dubitari
2394 3875 2551 3974 quin
2618 3879 3002 3973 Φερσέφα-

959 4218 1020 4295 *)
1060 4218 1142 4280 Et
1184 4219 1394 4281 dictam
1436 4239 1563 4282 esse
1602 4220 1925 4302 Pasiphaen
1965 4228 2208 4284 testatur
2264 4225 2346 4284 10.
2390 4223 2590 4304 Lydus
2641 4224 2703 4283 iu
2750 4216 2891 4278 libro
2927 4207 2998 4268 de

787 4302 1075 4363 mensibus
1117 4325 1168 4370 c.
1212 4303 1321 4413 μ’.
1363 4327 1429 4390 p.
1466 4306 1616 4374 214.
1675 4308 1814 4411 αἱ...
1828 4308 2135 4385 Boetheri,
2175 4311 2435 4414 imperite
2486 4318 2680 4413 temen
2730 4300 2996 4402 explff‘fffl’

786 4404 1028 4447 nomem
1070 4391 1346 4458 καλειται
1388 4390 1459 4458 δὲ
1500 4395 1817 4473 πολλαχου
1855 4393 1959 4458 καὶ
2001 4394 2336 4481 Πασιφαη,
2376 4388 2418 4478 ἦ
2458 4416 2646 4461 naver
2684 4388 2996 4477 ἔπαφιεῑσα

787 4465 905 4554 τὴν
937 4463 1185 4557 ἦδονῆν.
