3275 5317
706 460 841 529 22⁰
1181 462 1312 526 -DE
1354 460 1820 528 VETERVM
1861 460 2451 526 GRAECORVM

707 623 1044 699 lenissima
1091 631 1160 697 et
1209 623 1576 698 certissima
1625 623 1989 699 emendatio
2043 622 2372 720 Clavigeri
2388 676 2413 716 ,
2467 642 2663 721 quam
2714 625 2939 697 merito

706 728 960 858 recepit
1008 725 1395 801 Bekkerus·
1447 725 1629 811 τοὺς
1678 725 1764 802 δὲ
1826 728 2310 825 θεσμοθέτας
2371 730 2657 829 ἔγραψε
2712 733 2946 825 Πρω-

705 832 1014 959 τογὲνης
1063 826 1419 918 Καύνιος,
1462 827 1868 929 Ὀλβιάδης
1917 830 2003 907 δὲ
2052 828 2516 918 Κάλλιππον,
2569 830 2652 915 ὃς
2696 831 2948 961 Ἀθη-

690 931 972 1017 ’ναίους
1023 937 1095 1018 ἐς
1153 930 1636 1032 Θερμοπύλας
1688 935 1920 1064 ἤγαγε
1971 931 2446 1033 φυλαξοντας
2494 933 2631 1029 τὴν
2686 937 2760 1018 ἐς
2810 933 2949 1029 τὴν

701 1034 1035 1112 Ελλάδα
1090 1043 1462 1113 Γαλατῶν
1535 1034 1868 1136 ἐςβολήν.
1990 1035 2432 1111 Gonfirmatnr
2496 1037 2661 1110 haec
2716 1062 2947 1111 emen-

708 1141 886 1214 datio
937 1140 1329 1213 validissime
1378 1140 1489 1234 iis,
1545 1164 1712 1238 quae
1776 1149 1840 1229 §.
1911 1143 1986 1213 4.
2056 1148 2124 1214 et
2190 1139 2291 1212 X.
2362 1145 2489 1237 20,
2543 1139 2618 1212 5.
2684 1148 2954 1213 narrata

704 1244 1006 1342 legimus.
1065 1294 1068 1303 -

704 1448 869 1523 VII.
929 1453 1100 1523 122.

911 1549 1408 1651 παρασταὸας
1458 1550 1588 1628 καὶ
1636 1549 2004 1674 πρόθυρα
2055 1549 2315 1653 βούλει
2364 1550 2686 1641 ποικίλα,

704 1664 925 1730 utrum
976 1656 1088 1748 sit,
1141 1663 1216 1728 ut
1264 1656 1633 1729 Rochettus
1687 1657 1997 1750 coniecit,
2067 1657 2149 1730 de
2181 1656 2470 1754 lapidum
2518 1655 2951 1730 diversicolo-

701 1784 853 1833 rum
904 1758 1305 1849 emblematis
1354 1758 1813 1855 intelligendus
1863 1784 1949 1833 au
2015 1759 2097 1833 de
2150 1759 2477 1833 coloribus
2494 1812 2519 1852 ,
2585 1784 2719 1832 nou
2770 1759 2950 1861 diiu-

705 1842 958 1938 dicem.
1011 1886 1236 1936 verum
1250 1863 1436 1984 quod
1476 1861 1897 1959 Boettigerus
1922 1889 1991 1961 p.
2020 1865 2198 1936 284.
2250 1859 2743 1984 Agatharchum
2758 1913 2784 1954 ,
2838 1861 2951 1965 pi-

706 1974 960 2040 ctorem
1011 1967 1407 2059 scenarium,
1462 1989 1655 2063 quem
1707 1966 1969 2039 domum
2019 1963 2384 2039 Alcibiadis
2448 1966 2744 2063 pinxisse
2794 1961 2950 2036 An-

705 2068 974 2143 decides
1027 2077 1097 2142 et
1141 2068 1538 2143 Plutarchus
1590 2069 2018 2162 tradiderunt,
2073 2092 2205 2141 non
2254 2068 2539 2166 parietes
2567 2069 2801 2167 ipsos,
2832 2067 2951 2141 sed

704 2173 958 2269 ligneas
1023 2172 1278 2245 tabulas
1344 2171 1621 2270 picturis
1690 2196 1958 2253 ornasse
2033 2179 2260 2269 putat,
2340 2179 2408 2245 et
2473 2171 2763 2269 quidem·
2798 2170 2953 2269 quia

707 2299 948 2349 scenae
978 2278 1257 2373 'quoque
1307 2275 1563 2370 ligneae
1616 2283 1839 2347 essent
1851 2327 1875 2367 ,
1927 2276 1997 2347 id
2046 2299 2278 2348 vereor
2327 2299 2423 2347 -ne
2488 2270 2783 2365 haerenti
2836 2299 2952 2347 se-

706 2379 838 2451 mel
887 2379 959 2450 in
1010 2378 1225 2450 animo
1280 2378 1570 2475 opinioni
1618 2377 1983 2451 indulserit.
2105 2376 2279 2449 Nam
2344 2377 2559 2475 pictor
2610 2378 2950 2450 scenarius

707 2505 843 2553 nou
892 2505 935 2552 a
982 2480 1282 2572 materia,
1334 2481 1406 2550 in
1454 2503 1586 2576 qua
1633 2480 1887 2576 pingat,
1942 2480 2060 2553 sed
2109 2481 2191 2551 ab
2242 2481 2463 2574 rebus,
2519 2498 2679 2578 quas
2709 2481 2947 2579 pingit,

707 2607 946 2656 nomeu
995 2581 1228 2655 habet:
1281 2582 1717 2680 pingebantur
1767 2591 1986 2656 autem
2035 2607 2167 2657 non
2220 2583 2429 2655 solum
2446 2584 2702 2680 ligneae
2749 2583 2949 2656 tabu-

708 2687 814 2759 lae
866 2709 1236 2778 scenarum,
1292 2686 1409 2758 sed
1462 2685 1659 2758 etiam
1709 2686 1879 2779 vela,
1933 2711 2101 2784 quae
2150 2685 2221 2757 in
2285 2687 2600 2783 periactis
2666 2711 2949 2784 suspen-

615 2790 1040 2873 14derentur.
1144 2788 1299 2863 Non
1349 2789 1497 2863 dico
1519 2851 1522 2855 ,
1548 2789 1703 2882 hoc,
1757 2790 1945 2887 qu'asi
2008 2789 2394 2863 contendam
2457 2786 2950 2885 Agatharchum

710 2893 782 2966 in
844 2893 959 2965 illa
1030 2894 1220 2966 domo
1285 2918 1417 2967 nou
1478 2893 1775 2990 pinxisse
1853 2892 2109 2965 tabulas
2194 2892 2510 2964 ornandis
2564 2892 2948 2990 parietibus,

713 2997 833 3070 sed
883 2997 1057 3094 quod
1105 3021 1273 3093 nego
1324 3022 1448 3094 per
1498 3021 1580 3068 ea
1643 3020 1812 3094 quae
1862 2996 2174 3069 habemus
2235 2995 2609 3068 testimonia
2669 2995 2948 3093 liquere,

706 3100 1046 3174 tabulasue
1101 3124 1186 3170 an
1235 3100 1516 3172 tectoria
1564 3099 1886 3197 pinxerit.
1999 3097 2174 3172 Nam
2236 3123 2320 3171 ne
2387 3122 2474 3171 ex
2542 3123 2619 3172 eo
2690 3099 2950 3196 quidem

709 3202 1058 3302 quidquam
1109 3203 1349 3274 coniici
1396 3204 1642 3299 potest,
1699 3200 1896 3299 quod,
1949 3201 2109 3274 licet
2160 3201 2561 3274 celeritatem
2597 3225 2744 3299 qua
2792 3203 2950 3299 pin-

666 3294 677 3304 ’
707 3313 892 3402 geret
941 3304 1284 3376 iactaverit
1332 3300 1819 3400 Agatharchus,
1872 3313 1949 3376 ιιι
1997 3303 2392 3377 Plutarchus
2442 3305 2513 3376 iu
2564 3304 2699 3378 vita
2721 3304 2948 3378 -Peri-

642 3482 657 3500 f
709 3407 830 3482 clis
884 3431 947 3480 c.
1008 3410 1127 3479 13.
1180 3406 1488 3504 prodidit,
1538 3414 1763 3479 tamen
1814 3415 2043 3505 quarto
2085 3408 2341 3479 demum
2370 3432 2619 3500 mense,
2673 3432 2757 3480 ne
2808 3417 2951 3481 tum

708 3510 969 3609 quidem
1019 3511 1315 3584 absoluto
1369 3534 1593 3608 opere,
1647 3518 1816 3583 teste
1866 3507 2236 3603 Andocide,
2289 3535 2328 3582 e
2384 3510 2574 3584 dom'o
2643 3508 2950 3584 Alcibia-

709 3614 811 3686 dis
886 3613 1198 3711 profugit.
1329 3611 1472 3686 Sed
1550 3613 1678 3687 hoc
1743 3615 1958 3713 ipsum
2021 3613 2335 3712 temporis
2400 3615 2679 3712 spatium
2749 3615 2947 3687 etiam

707 3715 1021 3789 Bochetti
1088 3716 1506 3790 coniecturae
1569 3717 1976 3815 refragatur,
2044 3718 2156 3817 qui
2221 3741 2369 3790 eum
2382 3768 2408 3809 ,
2476 3715 2826 3791 Voelkelio
2876 3717 2949 3789 in

708 3815 1042 3906 Postumis
1116 3844 1186 3917 Ρ.
1248 3823 1419 3893 104.
1474 3829 1746 3894 auctore
1763 3874 1788 3914 ,
1860 3821 2023 3892 nihil
2093 3821 2221 3892 nisi
2276 3827 2658 3893 ornamenta
2736 3844 2948 3917 quae-

913 1345 1170 1420 Cratini
1244 1370 1472 1420 versus
1548 1347 1619 1419 in
1682 1344 2297 1443 Dionysalexaudro
2366 1346 2540 1445 apud
2604 1344 2952 1420 Pollucem
3048 1302 3055 1310 ·
3219 1312 3220 1317 ἵ

709 3922 861 3995 dam
920 3922 1036 3994 illa
1097 3923 1168 3994 in
1233 3923 1424 3997 domo
1490 3924 1785 4021 pinxisse
1849 3925 2225 3998 arbitratur.
2344 3921 2516 3994 Nam
2579 3923 2950 3996 istiusmodi
3084 3900 3114 3976 :⁹
3219 3888 3220 3925 A

708 4051 817 4099 res
885 4026 1087 4099 multo
1156 4027 1451 4100 breviore
1517 4035 1811 4124 tempore
1827 4079 1852 4120 ,
1923 4029 2004 4099 ab
2071 4051 2149 4100 eo
2213 4026 2601 4123 praesertim
2663 4027 2945 4123 pictore,

620 4132 623 4135 ’
686 4129 899 4202 'cuius
965 4135 1152 4203 tanta
1215 4129 1518 4204 celeritas
1584 4137 1799 4222 esset,
1865 4128 2047 4227 pingi
2111 4135 2498 4225 potueruut.
2611 4128 2948 4221 Quocirca

711 4231 869 4303 mihi
918 4232 1178 4330 quidem
1226 4241 1352 4306 nec
1403 4232 1558 4332 quid
1606 4233 1896 4330 pinxerit
1944 4230 2405 4327 Agatharchus
2455 4230 2527 4303 in
2570 4232 2762 4305 domo
2815 4229 2947 4303 Al·-

712 4333 1011 4431 cibiadis,
1050 4361 1177 4409 nec
1205 4360 1334 4435 qua
1354 4337 1426 4408 in
1448 4336 1725 4410 materia
1747 4334 2060 4434 pinxerit,
2114 4334 2276 4406 satis
2309 4334 2720 4432 exploratum
2757 4335 2947 4407 vide-

713 4444 841 4510 tur.
912 4436 1190 4512 Tabulis
1253 4438 1509 4537 quidem
1564 4438 2013 4534 undecumque
2076 4438 2394 4535 coemptis
2458 4446 2753 4513 ornat-am
2784 4458 2794 4496 ῑ
2822 4436 2946 4510 do-
