3275 5317
804 453 939 521 2⁴⁰
1549 453 1673 515 DE
1713 452 2279 518 BACHMANNI

798 642 928 691 vox
990 614 1662 690 accommodatissima
1727 623 1830 688 est
1907 616 2210 690 divinitus
2290 625 2651 693 commotae
2719 615 2974 692 Cassan-

797 719 991 791 drae-
1045 719 1221 791 omni
1270 744 1356 793 ex
1403 726 1590 817 parte
1657 724 1724 793 et
1790 720 2177 793 sententiam
2242 726 2310 794 et
2377 721 2728 794 orationem
2789 730 2979 821 aptam

789 821 1231 994 ΙιὲιΙΜῃιξῗιιιιί
1253 860 1618 1019 exemplum
1634 974 1661 1016 ‚
1732 947 1860 1021 quo
1925 923 2307 1021 intelligitur
2370 949 2593 1007 omnes
2662 925 2981 999 codicesa

792 1051 949 1100 vera
999 1034 1066 1099 et
1113 1027 1320 1098 veteri
1382 1026 1712 1125 scriptura
1775 1027 2124 1121 recedere,
2207 1028 2532 1102 invenitur
2593 1028 2663 1099 in
2721 1030 2978 1102 versibus

796 1133 971 1203 373.
1024 1132 1205 1203 374.

1091 1265 1409 1364 Ὄφέλτα
1461 1264 1591 1340 καὶ
1637 1261 1968 1363 μύχουρε
2011 1263 2403 1365 χοιραὸων
2452 1264 2737 1369 Ζάραξ,

1099 1367 1345 1483 σπίλοι
1394 1398 1474 1443 τε
1526 1367 1654 1444 καὶ
1713 1365 2066 1467 Τρυχάτα
2115 1371 2245 1446 καὶ
2293 1372 2574 1473 τραχὺς
2614 1371 2908 1449 Νέὃων.

790 1504 1039 1581 Iniuria
1087 1506 1411 1603 vituperat
1432 1506 1894 1579 Bachmannus
1922 1504 2330 1606 Stephanum
2370 1508 2821 1606 Byzantinum,
2866 1509 2983 1607 qni,

791 1602 990 1707 quum
1058 1609 1404 1682 scriberett
1499 1606 1819 1707 Τρύχαι,
1886 1607 2096 1694 πόλις
2158 1610 2513 1710 Εὖβοίας.
2555 1610 2986 1712 Λυκόφρων

790 1712 875 1787 δὲ
941 1708 1431 1810 μεταφράσας
1491 1709 1890 1811 Τρύχαντα
1974 1721 2198 1788 καλεῖ.
2279 1715 2365 1790 τὸ
2435 1716 2747 1792 ἐθνικὸν
2815 1723 2985 1812 Τρυ-

779 1811 996 1911 χεύς·
1048 1824 1185 1890 τοῦ
1238 1813 1322 1890 δε
1398 1812 1831 1913 Τούχαντος
1903 1815 2399 1916 Τρυχαντιος,
2466 1843 2602 1893 ιιοιι
2659 1817 2985 1916 inspexerit

788 1915 1315 2019 Lycophronem,
1367 1919 1495 1989 nisi
1544 1919 1714 1991 forte
1781 1920 2169 2017 epitomator
2235 1922 2456 1995 verba
2494 1923 2638 1995 eius
2701 1934 2986 2040 corrupe-

788 2021 901 2094 rit.
1003 2018 1101 2093 At
1139 2046 1308 2093 sane
1359 2019 1735 2118 Stephanus
1788 2026 2228 2097 accusativum
2290 2020 2689 2123 Τρύχαντα
2750 2024 2911 2096 hic
2893 2047 2985 2093 m-

789 2132 1076 2197 venerat.
1178 2122 1262 2193 Id
1309 2124 1437 2195 ita
1471 2147 1653 2214 esse,
1719 2122 1906 2193 locus
1971 2129 2115 2219 ipse
2185 2127 2488 2198 ostendit.
2608 2125 2776 2226 Nam
2821 2126 2985 2222 plane

788 2227 1046 2323 ineptus
1098 2226 1329 2321 fuisset
1379 2232 1614 2321 poeta,
1672 2224 1730 2295 si
1779 2224 1930 2316 hic,
1999 2225 2112 2296 ubi
2175 2235 2358 2298 certa
2422 2227 2580 2300 loca
2643 2215 2985 2300 nominatim

791 2337 856 2403 et
919 2307 1234 2398 memorat
1294 2312 1363 2398 et
1430 2326 1621 2398 debet
1684 2351 2081 2418 memorare,
2162 2328 2484 2403 incertum
2547 2332 2708 2431 illud
2772 2327 2983 2405 σπίλοι

687 2480 692 2484 -
789 2431 888 2502 sic
936 2428 1107 2500 nude
1150 2429 1504 2526 posuisset.
1607 2426 1817 2500 Innno
1870 2430 2179 2526 scripsit·

993 2563 1238 2640 σπίλοι
1290 2562 1375 2639 δὲ
1425 2593 1569 2639 κατ
1628 2560 2033 2670 Τρύχαντα
2081 2596 2207 2642 και
2257 2569 2541 2668 τραχὺς
2593 2569 2869 2648 Νέὃων.

786 2705 868 2781 Id
917 2704 975 2776 si
1022 2710 1417 2803 reputasset
1436 2701 1899 2776 Bachmannus
1916 2756 1944 2797 ,
2022 2730 2233 2803 neque
2312 2708 2420 2781 hic
2486 2734 2697 2808 neque
2748 2707 2890 2779 alibi
2929 2682 2984 2779 et

786 2809 855 2885 in
906 2808 1215 2893 addendis
1266 2806 1350 2877 ad
1418 2832 1480 2879 v.
1536 2806 1714 2880 850.
1781 2809 2066 2903 graviter
2132 2810 2657 2907 reprehendisset
2719 2809 2984 2906 Stepha-
3053 2888 3060 2894 .
3195 2834 3196 2925 {

786 2936 979 3003 num,
1043 2911 1160 2983 sed
1223 2910 1580 3006 recepisset
1644 2911 1861 3007 potius
1929 2912 2124 2984 etiam
2175 2938 2249 2985 --v
2308 2913 2484 2987 593.
2554 2915 2982 2989 850.1149.

797 3015 1299 3088 1309.1390.
1353 3012 1670 3085 lectiones
1723 3015 1803 3085 ab
1855 3013 1982 3087 hoc
2034 3015 2353 3112 scriptore
2405 3017 2681 3090 oblatas.

831 3129 837 3135 '
989 3114 1080 3187 V.
1134 3118 1311 3187 420.
1366 3139 1496 3186 ιιοιι
1547 3114 1823 3187 debebat
1872 3116 2335 3191 Bachmannus
2387 3120 2690 3193 assentiri
2751 3115 2982 3234 Eusta-

788 3217 950 3309 thio,
1005 3218 1139 3313 qui,
1195 3216 1367 3313 qnod
1419 3215 1548 3288 duo
1599 3242 1852 3311 versuS‚
1908 3219 2075 3292 alter
2124 3223 2382 3311 πέλας,
2453 3222 2652 3323 alter
2673 3216 2982 3303 λέπαςίη

782 3318 914 3401 fine
963 3320 1239 3411 habent,
1303 3343 1483 3389 more
1550 3342 1670 3390 suo
1733 3320 1949 3393 lusum
2010 3322 2081 3394 ιιι
2128 3323 2363 3398 litteris
2413 3325 2685 3399 rimatus
2735 3332 2868 3416 est,
2912 3318 2982 3392 de

787 3448 915 3522 quo
968 3448 1097 3495 non
1149 3421 1457 3516 cogitavit
1504 3418 1929 3520 Lycophron.

992 3524 1101 3597 V.
1139 3524 1314 3597 425.
1381 3522 1803 3598 Bachmanno
1856 3527 2033 3600 visus
2100 3535 2203 3600 est
2266 3537 2464 3627 poeta
2523 3528 2830 3628 singulari
2873 3546 2981 3597 au·-

786 3628 977 3701 dacia
1025 3647 1145 3725 pro
1179 3629 1540 3711 ’Ἄλεντος
1554 3678 1581 3720 ,
1634 3629 1808 3725 quod
1873 3629 2071 3727 pauci
2131 3630 2284 3704 libri
2343 3632 2583 3708 habent
2598 3685 2627 3726 ,
2690 3630 2981 3705 Doricam

787 3731 1052 3831 genitivi
1098 3731 1372 3803 formam
1414 3730 1734 3807 Ἀλέντα
1784 3734 2119 3830 posuisse:
2300 3750 2306 3760 ’

1089 3864 1417 3965 καύηκας
1469 3870 1608 3944 οὐκ
1661 3870 1978 3947 ἄπωθεν
2020 3872 2340 3948 Ἀλέντα
2389 3880 2665 3949 ποτῶν.

787 4003 880 4077 Id
919 4029 1039 4078 nos
1093 4007 1347 4103 quidem
1399 4029 1485 4080 eo
1529 4008 1741 4081 minus
1795 4009 2103 4081 credibile
2155 4033 2299 4082 esse
2364 4010 2761 4100 iudicamus,
2826 3998 2980 4117 quod

788 4107 888 4180 sic
966 4108 1127 4181 illud
1213 4134 1448 4182 nomen
1513 4112 1709 4184 etiam
1784 4136 2150 4184 mensuram
2162 4164 2188 4205 ,
2263 4111 2346 4186 de
2426 4137 2556 4211 qua
2613 4111 2770 4183 nihil
2831 4100 2979 4178 dixit

786 4207 1271 4305 BachmannuS‚
1323 4213 1652 4286 insolitam
1702 4214 2068 4286 habiturum
2119 4221 2316 4290 esset.
2417 4214 2592 4289 Nam
2640 4210 2843 4289 brevis
2890 4207 2980 4277 est

787 4309 998 4408 prima
1048 4314 1315 4408 syllaba.
1416 4315 1550 4388 Hic
1602 4341 1858 4415 quoque
1925 4317 2368 4393 existimamus
2429 4328 2649 4391 'veram
2710 4312 2982 4411 scriptu-2

786 4433 932 4485 ram
980 4416 1244 4515 antiquo
1293 4441 1515 4495 errore
1566 4443 1653 4492 ex
1703 4419 2039 4496 codicibus
2088 4422 2428 4522 expulsam
2477 4444 2657 4496 esse·
2634 4470 2656 4493 .
2767 4516 2771 4520 ι
