3275 5317
782 467 873 538 ω
971 499 989 516 ·
1288 471 1413 535 DE
1455 470 2508 537 INTERPOLATIONIBVS

883 632 1063 710 506.
1117 631 1324 733 ἀμφί
1369 635 1433 708 τ’
1459 631 1909 735 ἅριςεύοντα
1952 630 2369 733 Μαχάονα,
2420 636 2750 735 ποιμένα
2782 642 3022 713 λαῶν·

882 737 1063 813 508.
1113 743 1226 867 τῷ
1277 741 1372 836 ῥα
1422 736 1908 836 περίὸὃεισαν
1956 738 2182 837 μένεα
2213 737 2595 826 πνείοντες
2639 738 3000 836 Ἀχαιοί,

1103 835 1372 937 μήπως
1422 868 1562 938 μιν
1608 841 1957 946 πολέμοιο
2006 842 2643 966 μετακλινθέντος
2696 843 2962 933 ἕλοιεν,

769 1000 839 1068 et
885 991 1139 1092 reliqua
1186 1018 1395 1092 usque
1445 993 1531 1066 ad
1577 1018 1644 1069 v.
1697 992 1874 1070 520.
1928 1017 2120 1093 quem
2171 994 2589 1094 excipiebant
2637 1020 2706 1070 v.
2762 998 3021 1072 618-

770 1098 953 1169 643.
1054 1094 1219 1170 Inde
1268 1096 1621 1170 Patroclus
1639 1148 1668 1191 ,
1736 1098 2005 1196 opinor,
2075 1123 2209 1171 non
2274 1095 2624 1171 Achillis·
2601 1124 2794 1172 lussu
2808 1151 2837 1193 ,
2907 1098 3028 1172 sed

769 1207 1003 1297 suopte
1066 1208 1248 1273 motu
1311 1199 1720 1274 sciscitatum
1785 1201 2015 1274 aderat
2092 1226 2220 1299 quo
2285 1201 2357 1274 in
2423 1209 2604 1275 statu
2672 1209 2856 1275 esset
2917 1227 3025 1274 res

770 1298 1207 1376 Graecorum.
1314 1300 1442 1376 cui
1505 1302 1576 1374 id
1628 1303 1966 1402 explicans
2031 1301 2281 1378 Nestor
2342 1305 2413 1377 in
2475 1304 2842 1378 vulneratis
2891 1328 3024 1377 nu-

765 1404 1063 1479 merabat
1122 1429 1188 1480 v.
1244 1409 1421 1479 662.
1485 1403 1891 1504 Eurypylum
1906 1457 1932 1499 ,
2015 1432 2208 1505 quem
2273 1431 2571 1502 versum,
2646 1408 3026 1480 damnatum

767 1530 814 1580 a
863 1507 1139 1601 criticis,
1220 1509 1396 1607 quod
1445 1509 1733 1581 nondum
1782 1509 2156 1584 vulneratus
2208 1518 2384 1584 esset
2430 1507 2841 1609 Eurypylus,
2892 1511 3024 1590 iam

765 1617 955 1710 patet
1025 1611 1130 1685 vel
1207 1612 1491 1686 maxime
1565 1612 1917 1709 genuinum
1989 1591 2177 1706 esse,
2266 1620 2455 1713 parte
2518 1614 2675 1686 libri
2753 1638 2838 1687 ea
2852 1665 2880 1708 ‚
2952 1612 3023 1685 in

691 1748 696 1753 ·
768 1736 900 1813 qua
949 1737 1098 1790 eum
1147 1715 1471 1789 vulnerari
1518 1741 1583 1788 v.
1639 1716 1815 1791 580.
1871 1741 2054 1816 seqq.
2106 1716 2509 1838 accipimus,
2561 1741 2689 1790 suo
2743 1716 3021 1791 carmini

766 1816 1070 1892 restituta
1083 1869 1110 1911 ,
1178 1817 1290 1892 cni
1339 1818 1466 1894 hoc
1533 1818 1984 1893 continuatum
2048 1826 2150 1892 est
2161 1870 2187 1912 ,
2252 1820 2325 1892 in
2375 1845 2503 1919 quo
2553 1818 2814 1894 Nestor
2861 1819 3022 1895 Ma-

766 1918 1086 2004 chaonem
1133 1922 1419 1996 reducit.
1519 1919 1631 1995 De
1683 1947 1812 2023 quo
1860 1922 1973 1996 ille
2024 1948 2088 1999 v.
2144 1926 2322 1998 664.
2372 1938 2506 1997 non
2554 1922 2828 1998 dicebat

1103 2063 1198 2159 ἶῳ
1249 2058 1398 2136 ἀπὸ
1450 2067 1721 2160 νευρῆς
1769 2061 2266 2160 βεβλημένον,

767 2194 886 2269 sed
934 2195 1069 2269 tale
1119 2195 1300 2297 quid,
1353 2196 1546 2296 quale
1595 2219 1661 2270 v-
1717 2195 1897 2272 509.

1098 2329 1364 2431 μήπως
1411 2362 1548 2432 μιν
1597 2333 1945 2432 πολέμοιο
1995 2333 2626 2432 μετακλινθέντος
2677 2335 2913 2413 ἕλοιεν

1104 2443 1351 2537 Τρῶες
1402 2437 1844 2536 ὑπέρθυμοι
1893 2436 2390 2536 δεδμημένον.

765 2572 1116 2672 Reliquam
1163 2572 1468 2649 Nestoris
1521 2575 1907 2668 orationem,
1977 2583 2156 2674 'quae
2205 2597 2389 2647 suam
2429 2573 2570 2647 ‘sibi
2622 2572 3011 2649 considera-

764 2676 1011 2754 tionem
1057 2677 1357 2777 requirit,
1408 2702 1586 2753 nnnc
1636 2703 1771 2753 non
1820 2678 2175 2775 attingam.
2229 2677 2349 2750 sed
2384 2677 2743 2751 cohaerent
2794 2676 3008 2751 omnia

762 2786 949 2854 recte
998 2803 1208 2882 usque
1258 2780 1346 2854 ad
1392 2779 1589 2855 finem
1636 2782 1812 2855 libri.
1928 2781 2095 2855 Inde
2145 2780 2582 2879 sequebantur
2630 2778 2804 2855 XV.
2857 2782 3007 2854 390

766 2886 1062 2960 —4o4.
1116 2893 1185 2959 et
1232 2908 1365 2959 nno
1413 2884 1695 2960 fortasse
1744 2883 2029 2959 alterove
2093 2909 2288 2959 versu
2345 2883 2755 2982 interpositis
2802 2879 3003 2956 XVI.

762 2990 839 3062 2
890 3010 1562 3165 ωὲἶῖιιιείᾶειειιιιιε
1539 3089 1673 3164 iam
1722 3088 1902 3165 aliud
1965 3115 2097 3164 non
2159 3082 2431 3163 minoris
2491 3086 3004 3187 perturbationis

761 3193 1157 3291 exemplum.
1259 3191 1610 3266 Nestorem
1658 3193 2002 3266 videmus
1981 3218 2053 3266 ιιι
2079 3192 2248 3265 libro
2277 3188 2415 3264 XI.
2452 3216 2604 3265 cum
2631 3191 3001 3266 Machaona

675 3301 859 3371 l2ex
919 3296 1172 3393 proelio
1237 3319 1570 3370 reversum
1632 3296 1704 3368 in
1785 3295 2068 3369 tentorio
2135 3317 2257 3367 suo
2324 3293 2555 3385 sedere
2617 3304 2692 3369 et
2754 3293 2998 3368 bibere.

766 3397 877 3473 Ita
924 3398 1110 3472 sedet
1159 3397 1356 3472 etiam
1402 3393 1607 3471 XIV.
1658 3396 1884 3490 initio,
1949 3396 2071 3470 sed
2118 3395 2343 3469 audito
2394 3395 2674 3532 strepitu
2733 3405 2807 3472 et
2855 3395 2998 3470 cla-

764 3526 946 3575 more
996 3500 1161 3575 dicit
1208 3500 1605 3575 Machaoni-

1072 3634 1318 3737 αὐτὰρ
1371 3634 1567 3740 ἐγών
1616 3634 1871 3714 &wana
1922 3633 2119 3733 τάχα
2167 3640 2465 3736 εισομαι
2494 3638 2568 3722 ἐς
2591 3630 2992 3738 περιωπήν.

762 3772 977 3849 Foras
1027 3798 1328 3890 egressus
1379 3773 1601 3847 statim
1651 3775 1851 3870 videt,
1905 3799 2035 3875 quo
2084 3774 2156 3847 in
2201 3775 2353 3849 loco
2404 3800 2513 3849 res
2562 3773 2685 3849 sit:

1096 3933 1233 4023 στῆ
1284 3925 1368 4002 δ’
1425 3925 1637 4013 εκτός
1687 3925 2010 4024 κλισίης,
2057 3923 2257 4023 ταχα
2305 3925 2388 4008 δ’
2441 3926 2707 4013 srmone
2773 3927 2992 4028 ἔργον

1093 4131 1272 4217 τοὺς
1334 4131 1479 4232 μεν
1544 4031 2336 4309 ὅρινομένουέξικξιὺς
2400 4131 2486 4209 δε
2553 4131 2990 4211 κλονέοντας

1106 4345 1372 4439 Τρῶας
1479 4334 1975 4462 ὑπερθύμους
1979 4236 2477 4517 Ξηέρξὲιπτο
2573 4336 2661 4415 δὲ
2750 4339 2985 4431 τεῖχος

2070 4470 2319 4540 χαιων
