3275 5317
857 485 1419 563 vavsnAu
1458 479 1898 552 GRAECIS.
2400 488 2529 556 1⁷⁹

597 659 755 729 ἴστε
806 651 917 740 δ’,
970 648 1100 751 ἐμὲ
1144 646 1504 750 τριτάτην
1551 648 1837 746 ἥπατος
1886 648 2304 746 ὄλλυμένην

488 756 600 856 (ὠ
640 755 925 856 μητρὸς
976 761 1337 885 στυγερῆς
1385 752 1516 829 καὶ
1580 752 1956 854 ἀδελφεοῦ
2022 753 2231 830 εἵνεκ’
2286 756 2519 852 ἐμεῖο)

589 867 869 944 νοῦσος
917 854 1283 956 dxcvi-tivo)
1335 853 1719 958 μόρσιμον
1767 853 1910 934 εἷλε
1956 852 2172 956 τύχῃ.

276 1012 668 1115 Impeditior
713 1011 935 1112 paullo
993 1010 1204 1086 oratio
1255 1016 1359 1084 est
1378 1018 1652 1132 propter
1671 1009 1929 1109 longius
1956 1009 2379 1087 disiuncta‘'
2328 1039 2523 1111 ηπα-

272 1150 406 1205 τος
463 1126 763 1210 νοῦσος,
815 1114 1202 1216 interposito
1250 1113 1450 1188 etiam
1498 1114 1755 1212 integro
1779 1138 1999 1210 versu,
2052 1116 2166 1216 qni
2212 1141 2348 1193 non
2398 1141 2525 1193 co-

271 1219 508 1297 haeret
558 1244 710 1295 enm
757 1220 1053 1318 reliquis,
1104 1218 1224 1292 sest
1270 1225 1491 1292 tamen
1540 1241 1664 1293 οιιι·
1722 1218 1817 1293 sit
1858 1218 1991 1293 isto
2053 1219 2205 1294 loeo
2265 1220 2525 1322 positus

271 1351 383 1401 res
435 1326 591 1425 ipsa
635 1330 981 1397 monstrat.
1085 1319 1373 1415 Scitote,
1419 1319 1679 1420 inquit,
1746 1344 1854 1395 me
1921 1321 2177 1428 hepatis
2226 1324 2522 1421 morbus,

271 1430 541 1505 tertiam
605 1433 986 1527 pereuntem
1050 1432 1125 1515 (o
1176 1432 1451 1499 matrem
1516 1424 1831 1499 afflictam
1895 1433 1965 1501 et
2025 1419 2296 1502 'fratmm
2355 1454 2525 1528 pro-

269 1541 425 1633 pter
477 1532 661 1626 me),
712 1528 1071 1603 inevitabili
1117 1528 1339 1626 rapmt
1385 1527 1552 1603 sorti
1616 1528 2027 1604 destinatam
2094 1528 2525 1629 Cognosci-

270 1659 421 1710 mus
476 1660 566 1709 ex
614 1634 717 1706 his
766 1632 1086 1726 versibus,
1136 1639 1275 1705 tres
1321 1630 1572 1706 liberos
1588 1628 2054 1706 Demosthenis
2077 1634 2308 1710 eodem
2332 1660 2525 1710 mor-

271 1747 426 1813 tuos
481 1762 638 1811 esse
679 1735 936 1836 hepatis
985 1735 1239 1829 morbo,
1294 1734 1407 1834 qui
1456 1733 1611 1832 qnia
1654 1733 1831 1808 hane
1878 1734 2012 1808 iam
2058 1737 2322 1811 tertiam
2369 1762 2522 1811 ma-

270 1843 359 1916 tri
423 1841 744 1940 fian-ique
811 1839 1086 1937 eripuit,
1172 1837 1610 1913 ineluctabffis
1674 1837 1830 1910 huic
1909 1837 2131 1913 domni
2191 1841 2521 1939 pernicies

272 1969 426 2020 esse
478 1944 745 2040 dicitnr,
796 1950 1135 2042 materque
1186 1947 1255 2015 et
1301 1939 1578 2015 frater
1552 1939 1686 2038 1psi
1732 1939 1994 2038 lugubri
2044 1943 2518 2019 acclamatione

269 2048 731 2150 appellantur,
795 2054 873 2122 ut
920 2052 1186 2145 praeter
1246 2043 1409 2118 «luas
1472 2039 1640 2117 alias
1701 2067 1970 2119 suornm
2031 2055 2277 2122 mortes
2340 2070 2519 2123 nunc

272 2151 474 2227 tertia
522 2158 736 2223 morte
786 2149 1043 2223 afflicti.

481 2250 745 2328 Addam
793 2252 896 2324 his
946 2251 1382 2350 epigramma,
1433 2248 1680 2347 quod
1655 2274 1728 2321 ιιι
1775 2249 1946 2327 libro
1994 2217 2342 2329 Aristoteli
2387 2255 2518 2330 tri-

271 2359 430 2433 lmto
445 2408 472 2450 ,
553 2355 667 2454 qui
753 2363 858 2429 est
931 2355 1017 2428 de
1089 2353 1492 2426 mirabilibus
1564 2353 2188 2453 auscultationibus,
2277 2358 2520 2457 legitur

273 2471 337 2552 §-
399 2463 577 2533 133.
629 2466 981 2532 tractatum
1029 2457 1194 2530 illud
1242 2480 1285 2529 a
1348 2455 1573 2529 multis
1634 2480 1869 2555 parum
1929 2460 2110 2537 felici
2175 2486 2519 2558 successu,

271 2559 608 2664 postremo
659 2586 703 2634 a
751 2560 1117 2634 Welckero
1164 2559 1237 2632 in
1284 2558 1557 2657 Sylloge
1619 2563 2159 2661 epigrammatum
2209 2562 2523 2640 Graeco-

272 2693 460 2742 rum·
532 2666 645 2765 qni
714 2665 841 2740 etsi
920 2664 1241 2737 rationem
1305 2671 1374 2736 et
1434 2666 1824 2739 sententiam
1889 2691 2193 2741 versuum
2255 2667 2518 2742 illorum

274 2780 462 2846 recte
510 2769 891 2869 perspexit,
955 2775 1177 2840 tamen
1242 2765 1314 2838 in
1378 2766 1629 2840 mendis
1690 2767 1996 2841 tollendis
2062 2793 2196 2843 non
2260 2770 2518 2844 videtur

273 2897 504 2949 verum
556 2896 704 2946 esse
753 2878 1181 2968 assequutus.
1267 2866 1564 2942 Exhibui
1626 2867 2066 2944 narrationem
2132 2870 2516 2947 Aristotelis

276 3003 363 3053 ex
414 2976 704 3050 editione
752 2970 1156 3049 Academiae
1202 2972 1458 3070 Regiae
1506 2971 1906 3046 Bornssieae
1934 2974 2066 3048 vol.
2097 2974 2196 3048 Π.
2228 3001 2301 3075 p.
2333 2978 2513 3051 843.

284 3089 436 3178 Τῆς
484 3079 950 3211 καλουμένης
998 3083 1364 3174 Αῗνιακῆς
1405 3072 1667 3208 χώρας
1730 3075 1916 3208 περι
1948 3075 2090 3174 τὴν
2138 3077 2519 3178 ὀνομαζο-

276 3187 518 3284 μένην
557 3178 885 3279 Ὑπάτην
933 3181 1219 3314 λέγεται
1267 3176 1552 3256 παλαια
1599 3207 1715 3265 τις
1780 3174 2006 3278 στήλη
2079 3181 2514 3314 εὗρεθῆναι,

276 3289 371 3388 ἣν
427 3289 502 3365 οἱ
551 3291 907 3370 Αἰνιᾶνες
957 3284 1162 3370 τίνος
1210 3279 1309 3381 ἦν
1358 3282 1636 3363 εἰδέναι
1660 3280 2142 3383 βουλόμενοι,
2190 3288 2517 3385 ἔχουσαν

278 3390 707 3523 ἐπιγραφὴν
756 3386 1093 3489 ἄρχαίοις
1127 3384 1598 3520 γράμμασιν,
1650 3387 2094 3467 ἀπέστειλαν
2119 3394 2224 3477 εἲς
2263 3386 2518 3488 Ἀθή-

278 3524 417 3581 νας
481 3493 697 3579 τινὰς
762 3491 1210 3624 κομίζοντας
1286 3487 1545 3589 αὐτήν.
1622 3492 2155 3623 πορευομένων
2228 3491 2316 3571 δὲ
2382 3492 2516 3571 διὰ

276 3607 408 3697 τῆς
460 3595 862 3686 Βοιωτίας,
913 3593 1045 3672 καί
1087 3619 1243 3672 τισι
1299 3602 1451 3673 τῶν
1499 3594 1736 3683 ξένων
1783 3593 1974 3729 ὑπὲρ
2038 3602 2173 3693 τῆς
2222 3596 2515 3694 ἀποδη-

279 3703 459 3801 μίας
512 3699 1200 3798 ἅνακοινουμένων,
1251 3698 1538 3803 λέγεται
1588 3697 1870 3786 αὐτοὺς
1918 3704 2360 3798 εῑςαχθῆναι
2409 3705 2559 3788 εἶς’

280 3807 364 3883 τὸ
415 3800 889 3905 καλουμένον
928 3799 1303 3902 Ισμήνιον
1353 3807 1436 3880 ἒν
1489 3799 1810 3903 Θήβαις·
1863 3806 2195 3882 ἐκεῖθεν
2179 3835 2329 3909 γαρ
2358 3837 2512 3906 μα-

283 3919 500 3987 λιστα
550 3907 653 3987 ὅῖν
703 3906 1109 4008 εὗρεθῆναι
1156 3904 1298 4003 τὴν
1346 3913 1507 3984 τῶν
1531 3902 2009 4039 γραμμάτων
2059 3907 2510 4041 ἐπιγραφήν,

285 4015 618 4145 λέγοντες
667 4009 864 4089 εἶναί
908 4038 1083 4089 τινα
1135 4005 1600 4142 ἀναθήματα
1651 4008 1960 4142 ὁμοίους
2012 4011 2282 4108 ἔχοντα
2328 4011 2509 4096 τους

285 4115 630 4216 ρυθμους
678 4123 838 4192 τῶν
892 4110 1370 4245 γραμμάτων
1418 4115 1721 4215 ἀρχαῖα.
1785 4109 1976 4191 ὅθεν
2026 4112 2304 4200 αὐτους
2354 4144 2508 4217 φα·-

290 4245 406 4299 σιν
461 4219 609 4297 ἀπὸ
641 4224 802 4297 τῶν
843 4218 1440 4350 γνωριζομένων
1444 4217 1585 4315 τὴν
1623 4217 1930 4350 εὕρησιν
1957 4218 2507 4315 ποιησαμένους

288 4331 441 4403 τῶν
488 4321 1089 4421 ἐπιζητουμένων
1140 4317 1589 4428 αναγραψαι
1634 4318 1900 4407 τούςὸε
1949 4320 2129 4407 τους
2181 4321 2482 4420 στίχους
2582 4387 2587 4394 .

473 4477 870 4579 Ἡρακλέης
917 4478 1296 4576 τεμένισσε
1345 4472 1677 4578 Κυθήρα
1729 4453 2353 4653 Φερσὶςίοοὲασση,
