3275 5317
742 540 875 608 294
1529 541 1653 602 DE
1695 539 2218 604 EVPOLIDIS

743 705 872 777 duo
923 728 1192 778 versus.
1170 730 1191 749 ·
1242 702 1405 775 illud
1454 727 1610 776 vero
1664 728 1750 776 ex
1814 699 2128 776 Aristidis
2192 701 2343 777 loco
2356 754 2383 796 ,
2450 702 2640 777 cuius
2689 726 2846 803 pars
2895 730 2973 777 ex

743 815 996 906 septem
1061 807 1192 878 illis
1257 806 1549 878 versibus
1565 857 1592 899 ,
1666 831 1939 905 quorum
2004 805 2455 928 meminimus,
2522 814 2782 904 sumpta
2855 815 2975 901 est,

743 911 965 1009 colligi
1013 910 1280 1008 poterit,
1331 909 1768 1006 Myronidem,
1822 909 1879 982 si
1929 909 2108 982 hic
2085 935 2145 981 ιε
2198 916 2300 982 est
2332 910 2445 1008 qui
2486 909 2798 1008 loquitur,
2826 933 2982 1009 per-

744 1015 999 1087 rexisse
1051 1013 1131 1085 de
1182 1013 1546 1085 oratoribus
1598 1013 1818 1118 dicere
1831 1064 1858 1106 ,
1911 1036 1993 1085 ac
2044 1012 2315 1111 proinde
2364 1012 2584 1115 paullo
2634 1020 2790 1111 post
2838 1013 2982 1086 illos

747 1125 1000 1216 septem
1050 1139 1282 1189 versus
1330 1115 1603 1209 dixisse,

1858 1214 2112 1296 πάντα
2161 1217 2244 1295 δ’
2297 1213 2397 1316 ἦν
2446 1216 2784 1321 φλυαρία

950 1320 1139 1424 πρὸς
1191 1326 1499 1412 ἐκεῖνον,

746 1469 885 1534 ιιιιιι
954 1468 1213 1555 autem,
1292 1459 1379 1534 ad
1442 1484 1557 1535 eos
1624 1460 1737 1559 qui
1816 1459 1949 1534 iam
2012 1459 2302 1534 viverent
2365 1466 2661 1534 oratores
2725 1465 2984 1533 transe-

746 1572 1009 1637 untem.

951 1696 1197 1801 ῥήτωρ
1247 1698 1399 1831 γάρ
1453 1703 1608 1776 ἐστι
1658 1707 1810 1777 νῦν
1858 1728 1998 1791 τις,
2053 1698 2145 1777 ὅν
2193 1698 2263 1800 γ’
2318 1699 2522 1776 ἔστιν
2572 1695 2853 1800 Myan-

954 1802 998 1879 ὅ
1050 1799 1514 1907 Βουζύγηςε
1521 1804 1853 1904 ἄριστος,
1907 1796 2337 1902 οἷ’λιτήριος·

746 1931 1079 2039 postremo
1131 1948 1391 2015 autem·

953 2081 1027 2157 οἱ
1074 2077 1156 2155 <5³
1199 2074 1732 2178 Ἱπποκράτους
1781 2105 1865 2181 γε
1917 2074 2179 2161 παῖδες
2229 2072 2628 2208 ἒμβόλιμοί
2672 2103 2898 2172 τινες,

950 2181 1288 2281 βληχητοὶ
1338 2181 1591 2277 τεκνα,
1644 2180 2052 2281 κούδαμῶς
2100 2180 2392 2281 τούμοῦ
2440 2176 2752 2281 τρόπου.

745 2319 1003 2394 Horum
1051 2319 1562 2416 fragmentorum
1610 2319 1742 2393 tria
1790 2325 2123 2417 postrema
2171 2319 2299 2392 hoc
2327 2317 2555 2391 ordine
2604 2339 2755 2391 sese
2782 2341 2998 2392 exce--

743 2424 923 2521 pisse
975 2431 1247 2519 propter
1313 2423 1679 2518 argumenti
1732 2422 2218 2494 similitudinem
2266 2421 2602 2518 probabile
2652 2429 2780 2495 est.
2885 2420 2988 2492 l]-

742 2525 859 2596 lud
908 2549 1063 2597 vero
1115 2548 1249 2597 non
1297 2524 1457 2597 licet
1508 2532 1692 2598 certo
1744 2523 2114 2617 affirmare,
2165 2523 2605 2620 Myronidem
2622 2524 2791 2598 haec
2844 2549 2990 2598 om-

745 2628 858 2700 nia
909 2626 1151 2700 dicere.
1255 2625 1491 2701 Potest
1553 2627 1728 2700 enim
1794 2626 2047 2724 primus
2110 2625 2373 2699 illorum
2435 2650 2740 2700 versuum
2787 2624 2989 2745 Peri-

709 2811 714 2816 ,
752 2730 875 2804 clis
928 2754 1073 2805 esse
1125 2730 1447 2827 quaestio,

956 2864 1201 2968 ῥήτωρ
1251 2864 1402 2970 γάρ
1455 2869 1612 2943 ἔστι
1663 2874 1812 2944 νῦν
1858 2893 1999 2960 τις,
2052 2895 2147 2944 ον
2188 2866 2264 2968 7³
2319 2868 2531 2944 ἔστιν
2573 2866 2815 2972 λεγειν
2826 2899 2854 2959 ,·

753 3004 952 3100 Quod
1000 3005 1058 3079 si
1108 3007 1204 3079 ita
1253 3014 1380 3100 est,
1432 2984 1505 3079 in
1552 3006 1783 3080 ultimo
1850 3027 2046 3079 versu
2106 3011 2290 3080 recte
2353 3027 2428 3077 se
2493 3004 2755 3080 habebit
2820 3005 2996 3105 quod

752 3109 1041 3207 Ruspius
1092 3109 1328 3206 probat
1374 3117 1513 3184 τοῦ
1567 3118 1707 3184 σοῦ
1756 3105 2069 3208 τρόπου.

961 3210 1520 3302 Quemadmodum
1582 3212 1751 3284 haec
1814 3212 2178 3309 fragmenta
2241 3210 2431 3283 nobis
2480 3236 2616 3284 non
2676 3210 2995 3285 videban-

748 3321 860 3388 tur
909 3313 1070 3385 satis
1146 3320 1328 3386 recte
1406 3321 1601 3411 atque
1676 3313 1944 3386 idoneas
2010 3314 2093 3386 ob
2180 3336 2452 3385 caunsas
2500 3313 2687 3387 locos
2739 3323 2992 3410 tenere,

748 3416 862 3515 qui
910 3416 994 3489 iis
1045 3416 1358 3513 assignati
1408 3425 1597 3510 sunt,
1652 3416 1751 3489 sic
1803 3417 1997 3489 etiam
2063 3416 2143 3488 de
2193 3415 2324 3487 illis
2392 3416 2566 3514 apud
2629 3414 2996 3491 Stobaeum

746 3517 1021 3594 XLIII.
1094 3524 1167 3593 9.
1237 3527 1387 3593 octo
1454 3520 1850 3593 tetrametris
1912 3519 2273 3592 iudicamus
2288 3570 2316 3613 ,
2369 3544 2533 3619 quos
2570 3517 2823 3595 Pericli
2889 3521 2995 3595 vi-

750 3623 974 3696 demus
1007 3646 1152 3697 esse
1202 3624 1504 3697 tributos·
1608 3621 1709 3696 At
1756 3623 2019 3696 ultimos
2069 3622 2303 3696 horum
2350 3637 2682 3717 versuum,

955 3760 1118 3845 (ὕπ’
1193 3761 1554 3863 ἀσφαλῶς
1625 3757 2126 3863 ἐπράττομεν·
2202 3758 2380 3838 νυνὶ
2458 3761 2541 3838 <5³
2611 3761 2785 3839 ὅποι
2849 3759 2986 3839 τύ-

1965 3891 2258 3963 χοιμεν,

961 3966 1547 4070 στρατευόμεσθ’
1617 3966 2055 4072 αἱρούμενοι
2096 3964 2603 4099 καθάρματα
2666 3991 2989 4072 στρατη-

1973 4067 2182 4175 γούς,

750 4208 865 4280 vix
913 4206 1194 4282 Periclis
1245 4209 1473 4282 umbra
1523 4209 1743 4285 dicere
1791 4210 2033 4311 potuit,
2088 4209 2205 4282 sed
2254 4232 2430 4283 nunc
2496 4209 2772 4282 viventis
2824 4209 2989 4283 haec

735 4309 924 4382 ‘senis
975 4313 1175 4385 verba
1223 4319 1410 4386 sunt.
1497 4309 1595 4386 Et
1647 4337 1843 4412 quum
1894 4314 2070 4386 aliud
2121 4313 2350 4386 eodem
2410 4318 2620 4385 metro
2673 4313 2988 4411 scriptum

747 4411 1205 4508 fragmentum,
1253 4424 1331 4488 ιιι
1380 4440 1580 4514 supra
1627 4417 2114 4512 indicavimuS,
2132 4442 2221 4490 ex
2268 4416 2477 4515 ipsius
2540 4414 2781 4514 Raspii
2830 4440 2988 4489 sen-

752 4515 960 4589 tentia
1009 4518 1211 4596 choro
1263 4519 1353 4593 sit
1395 4519 1831 4615 tribuendum,
1883 4522 2040 4621 quid
2065 4525 2289 4622 potest
2314 4518 2455 4594 veri
2480 4518 2757 4596 similius
2809 4543 2980 4610 esse,
