3275 5317
1207 450 1706 541 LYc'vneiA
2472 480 2559 550 π

328 638 552 711 deinde
601 639 770 734 ἤτοι
829 636 878 733 ἢ
928 636 1174 713 indicio
1226 647 1414 732 esse,
1466 664 1600 714 non
1650 640 1826 738 quod
1876 642 2306 716 vocabulum
2308 645 2381 720 in
2432 668 2557 720 ea-

323 742 456 839 pite
503 741 766 838 glossae
814 750 1126 839 posuerat
1172 741 1449 816 Photius
1464 795 1491 836 ,
1543 743 1664 816 sed
1709 743 1873 817 illud
1886 796 1912 837 ,
1979 746 2153 843 quod
2217 747 2557 877 scriptoris

323 844 403 917 ab
454 869 535 917 eo
587 844 1091 919 commemorati
1127 852 1254 938 est,
1308 847 1666 943 explicari·
1646 900 1668 938 ‚
1720 854 2053 947 postremo
2085 846 2438 948 ὀκτιόπαν
2488 860 2558 926 et

259 999 265 1005 -
321 943 670 1033 ὄκτώπας
738 948 1005 1022 indocto
1075 948 1343 1022 librario
1409 949 1632 1022 deberi
1647 1001 1674 1042 ,
1755 950 1869 1049 qui
1932 973 2130 1048 quum
2192 952 2264 1026 in
2328 953 2560 1028 codiee

320 1076 512 1149 quem
564 1060 719 1125 ante
768 1052 995 1125 oeulos
1045 1050 1324 1125 habebat
1372 1053 1691 1151 seriptum
1755 1054 2005 1127 videret
2054 1051 2451 1134 ὃκτώπουν
2494 1067 2564 1132 et

321 1150 711 1238 ὄκτώπους
724 1206 750 1247 ,
813 1154 1074 1251 utrique
1137 1164 1356 1228 autem
1420 1156 1568 1229 vooi
1634 1181 1835 1254 supra
1899 1158 2233 1255 appictum
2285 1183 2431 1246 esse
2484 1190 2561 1254 α,

319 1258 445 1331 hoo
498 1286 550 1332 α
600 1281 759 1350 ιιοιι,
810 1257 910 1329 uti
959 1257 1258 1349 debebat,
1310 1259 1588 1352 mediae,
1642 1259 1759 1332 sed
1789 1259 2053 1334 ultimae
2090 1264 2374 1358 syllabae
2405 1288 2564 1338 eor-

318 1362 680 1434 rectionem
732 1384 877 1433 esse
930 1360 1303 1435 crediderit.
1405 1360 1533 1434 His
1582 1363 1817 1460 positis
1887 1365 2249 1439 emendatio
2303 1367 2564 1465 quidem

318 1463 596 1537 inveniri
643 1462 999 1562 probabilis
1049 1471 1306 1562 potest,
1360 1463 1479 1537 sed
1527 1464 1853 1541 incertum
1901 1467 2310 1587 relinquitur,
2364 1471 2565 1544 verba

319 1568 455 1660 illa,
509 1566 859 1665 ποταμὸν
925 1565 1459 1643 διαπέπλευκεν
1526 1565 1904 1653 ὄκτάπους
1969 1570 2183 1660 sintne
2206 1570 2563 1669 ‘Aesehyli

320 1670 568 1743 nomini
617 1694 707 1743 an
751 1668 1154 1744 Philemonis
1207 1671 1594 1745 adiicienda.
1651 1672 1979 1764 Quoniam
2027 1659 2236 1770 magis
2289 1700 2563 1749 oomoe-

321 1773 465 1847 diae
539 1798 734 1873 quam
797 1774 1172 1869 tragoediae
1236 1775 1585 1847 convenire
1652 1775 1952 1849 videntur
1967 1828 1993 1869 ,
2062 1777 2236 1852 hune
2302 1779 2513 1851 fere
2490 1805 2563 1851 ιιι

323 1877 584 1949 modum
634 1876 1053 1972 corrigendas
1106 1901 1253 1949 esse
1315 1876 1540 1950 Photii
1603 1877 1864 1975 glossas
1930 1880 2250 1954 arbitror.
2323 1880 2565 1958 ὀκτώ-

322 2008 559 2111 πηχυς
606 1980 738 2056 καὶ
787 1976 1194 2064 ὅκτιόποπυς
1247 1976 1625 2076 Αἰσχύλος
1677 1979 2138 2067 Νεανίσκοις.
2195 1982 2564 2085 Φιλήμων

323 2077 739 2160 ὅκταπουν·
1048 2121 1053 2126 ’

730 2217 1079 2320 ποταμὸν
1129 2218 1666 2299 διαπέπλευκεν
1718 2216 2133 2308 ὄκταπους·

322 2361 484 2454 ἤτοι
536 2359 576 2434 6
635 2347 988 2456 σκορπίος
1038 2358 1080 2434 6
1136 2355 1562 2447 ὄκτώπους,
1626 2358 1677 2457 ἢ
1731 2358 1771 2435 6
1824 2360 2115 2459 μακρὸς
2166 2358 2367 2438 ὀκτώ
2419 2393 2562 2439 πο-

324 2462 506 2540 δῶν.
640 2460 992 2537 Caeterum
1070 2463 1184 2561 qui
1247 2459 1376 2536 hoo
1443 2461 1651 2556 dixit,
1708 2463 2050 2556 fluvium
2123 2465 2564 2539 tranatoem’t

325 2563 632 2665 octipeS,
685 2567 1102 2665 scorpiumne
1154 2591 1239 2639 an
1289 2589 1602 2641 canorum
1651 2567 1725 2642 in
1772 2577 1989 2642 mente
2040 2568 2342 2643 habuerit
2355 2622 2379 2662 ‚
2434 2571 2562 2644 du-

323 2669 556 2847 bita'ieh
579 2669 865 2846 potegrgtg
945 2670 1056 2767 qui
1120 2669 1488 2745 meminerit
1535 2670 1769 2744 horum
1830 2667 2152 2745 Nioandri
2217 2674 2562 2747 verborum

325 2797 390 2844 ιιι
557 2798 653 2846 er.
863 2822 887 2846 .

527 2907 675 2986 σὺν
725 2906 815 2985 δὲ
861 2908 993 2986 καὶ
1042 2908 1478 3005 ὀκταπόδην
1515 2918 1865 3009 ποταμοῦ
1916 2910 2502 3008 ἀποσυληθέντα

524 3011 907 3114 καρκίνον;
1971 3055 1976 3064 .

907 3259 1994 3358 ΛΥΚοΥΡΓοΣ

526 3428 636 3503 De
684 3426 998 3525 Lycurgo
1050 3429 1212 3502 satis
1278 3428 1679 3528 disputatum
1748 3437 1851 3502 est
1903 3453 2106 3527 supra
2154 3429 2224 3503 in
2275 3428 2566 3506 Neanisa
2601 3435 2612 3479 5

324 3534 446 3606 cis.
567 3530 1045 3629 Argumentum
1111 3532 1368 3605 fabulae
1436 3534 1626 3630 quale
1693 3533 1931 3627 fuerit}
2000 3558 2089 3607 ex
2154 3534 2563 3632 fragmentis,
2739 3555 2742 3562 ·

322 3661 488 3733 quae
538 3660 872 3734 perpauca
922 3644 1114 3730 sunt,
1183 3636 1326 3707 erui
1394 3660 1527 3709 ιιοιι
1575 3635 1823 3734 potest.
1942 3634 2055 3709 De
2102 3636 2187 3709 iis
2238 3638 2407 3712 haee
2457 3640 2567 3711 di-

323 3739 534 3812 oenda
581 3740 812 3812 habeo.

528 3840 908 3915 Athenaeus
922 3895 948 3936 ,
999 3841 1114 3913 ubi
1165 3842 1246 3914 de
1296 3842 1447 3916 vino
1497 3841 1864 3916 hordeaceo
1927 3807 2227 3936 disserit,
2293 3845 2409 3917 lib.
2461 3845 2563 3917 X.

324 3970 395 4044 p.
446 3948 629 4021 447.
680 3944 768 4019 Β.
822 3947 922 4019 sie
973 3946 1236 4018 scribit.
1288 3944 1429 4022 τὸν
1455 3942 1540 4021 δὲ
1568 3946 1928 4047 κρίθινον
1963 3946 2176 4024 οἶνον
2208 3948 2337 4022 καὶ
2364 3949 2563 4045 βρῦ-
2647 3977 2651 3982 ’

324 4076 464 4127 τον
484 4047 709 4135 τινὲς
771 4058 1166 4142 καλοῦσιν,
1247 4048 1350 4133 ὥς
1416 4058 1820 4150 Σοφοκλῆς
1885 4054 1970 4126 ἐν
2041 4050 2559 4149 Τριπτολέμῳ·

326 4155 620 4253 βρῦτον
686 4151 770 4229 δε
835 4154 976 4231 τὸν
1017 4159 1380 4253 χερσαῖον
1445 4184 1538 4231 ου
1590 4153 1842 4231 δυεῖν·
1897 4183 2027 4230 και
2083 4153 2558 4250 Ἀρχίλοχος

326 4256 567 4357 ωςπερ
621 4257 842 4389 αυλῳ
878 4260 1174 4357 βρῦτον
1242 4254 1293 4352 ἢ
1353 4258 1558 4358 Θραξ
1625 4257 1819 4357 ανὴρ
1869 4256 1920 4353 ἢ
1975 4255 2198 4357 Φρὺξ
2264 4256 2558 4355 ἔβρυζε,
2562 4270 2662 4340 23

328 4358 582 4491 κύβδα
645 4360 726 4436 δ’
800 4357 897 4458 ἦν
962 4388 1403 4492 πονευμενη.
1469 4357 1926 4461 μνημονεύει
1994 4368 2134 4440 τοῦ
2202 4391 2562 4459 πωματος

328 4460 701 4562 Αἰσχύλος
751 4469 834 4544 ἐν
883 4461 1351 4569 Λυκούργω·
1419 4468 1566 4544 κάκ
1614 4474 1774 4544 τῶν
1823 4465 1908 4542 δ’
1979 4466 2224 4550 ἔπινες
2268 4467 2562 4567 βρῦτον
