3275 5317
640 469 686 535 o
1427 469 1550 536 DE
1605 462 1779 532 Ass
1793 468 2089 533 cmm

641 631 875 723 sitan13
938 627 1307 721 Neaniseos
1373 630 1652 730 denique
1712 632 1785 704 in
1836 654 2061 731 poena
2121 636 2417 705 versatos
2479 653 2670 728 esse,
2736 657 2869 733 qua

643 734 896 809 oraculi
941 735 1124 807 iussu
1172 734 1244 806 in
1292 742 1511 809 monte
1559 734 1871 833 Pangaeo
1922 734 2197 808 affectus
2246 735 2446 809 fuerit
2491 733 2867 834 Lyeurgus.

641 835 743 911 Et
790 837 963 936 quod
1011 837 1097 910 ad
1144 835 1416 911 Edonos
1469 839 1723 934 attinet,
1773 839 2172 936 &agmenta-
2151 887 2173 929 ,
2243 838 2418 935 quod
2481 839 2568 914 ad
2614 839 2868 913 Bassa-

641 939 844 1034 rides,
895 941 1112 1039 ipsum
1159 966 1395 1014 nomen
1442 942 1700 1015 fabulae
1748 942 1921 1015 hane
1986 942 2429 1015 coniecturam
2495 967 2584 1017 ex
2648 944 2870 1041 aliqua

640 1044 877 1116 saltem
941 1052 1130 1141 parte
1193 1045 1592 1143 probabilem
1671 1044 1991 1139 reddunt,
2061 1068 2447 1142 quamquam
2508 1046 2634 1119 hae
2682 1046 2871 1145 ipsae

640 1144 1030 1225 Bassarides
1105 1144 1581 1246 Apollodorum
1660 1148 1824 1221 alios
1912 1155 2215 1222 auctores
2295 1155 2640 1246 sequutum
2721 1173 2869 1225 esse

643 1249 1025 1324 ostendunt·
1092 1251 1286 1324 simul
1349 1259 1566 1325 autem
1628 1251 1966 1350 utriusque
2045 1251 2421 1348 tragoediae
2484 1275 2722 1326 nomen
2784 1252 2870 1327 de

502 1351 508 1358 ”
640 1351 844 1426 choro
891 1353 1205 1427 indicium
1253 1354 1473 1434 faeere
1522 1353 1817 1449 videtur,
1887 1354 2001 1452 qui
2063 1378 2135 1440 ιιι
2186 1355 2394 1428 altera
2442 1378 2530 1428 ex
2578 1352 2866 1448 Edonis,

637 1477 730 1528 ex
790 1454 1249 1528 Bassaridibus
1311 1457 1383 1529 in
1445 1457 1655 1531 altera
1719 1456 2111 1531 constiterit.
2216 1456 2445 1538 Tanto
2510 1457 2721 1530 maior
2785 1455 2869 1533 de

635 1554 709 1631 N
707 1558 986 1631 eaniseis
1038 1559 1350 1633 dubitatio
1402 1568 1528 1653 est,
1582 1560 1771 1634 euius
1821 1559 2079 1654 fabulae
2127 1583 2255 1633 nec
2279 1558 2644 1656 fragmenta
2671 1560 2869 1660 quid-'-

632 1682 832 1758 quam
883 1662 964 1734 de
1015 1663 1378 1758 argumenti
1425 1664 1795 1737 inventione
1844 1664 2155 1762 produnt,
2205 1687 2332 1737 nec
2380 1664 2594 1738 facilis
2645 1662 2871 1763 expli·-

634 1771 794 1837 catu
843 1773 946 1839 est
995 1765 1376 1863 appellatio.
1476 1763 1624 1840 Sed·
1685 1768 1769 1840 de
1832 1767 1936 1841 his
1999 1766 2198 1842 infra.
2311 1762 2733 1842 Accedamus
2780 1765 2869 1841 ad

631 1866 943 1965 reliquias
991 1865 1394 1966 Lyeurgiae.

1388 2110 2101 2188 ΗΔΩΝΟΙ.

839 2278 1454 2380 splendidissimum
1501 2251 1696 2356 huius
1745 2282 2123 2379 tragoediae
2165 2278 2632 2356 monimffltum
2679 2280 2869 2355 inve-

633 2381 813 2458 nitur
861 2385 1038 2484 apud
1087 2382 1485 2459 Strabonem
1534 2386 1703 2459 libro
1727 2385 1829 2459 Χ.
1881 2411 1951 2484 Ρ.
1980 2387 2159 2459 470.
2215 2375 2380 2479 (vol.
2406 2381 2537 2457 IV.
2577 2409 2659 2516 Ρ.
2694 2386 2866 2460 190.

631 2510 818 2585 seqq.
871 2487 978 2561 ed.
1031 2487 1475 2582 Tzschuekii)
1529 2489 1642 2587 qui
1691 2490 1791 2562 sic
1840 2487 2289 2585 scribit-1²39
2338 2484 2482 2586 μὲν
2522 2484 2665 2564 οὗν
2713 2483 2872 2565 Ka·-

630 2618 813 2675 τυος
874 2599 1008 2687 τῆς
1059 2595 1143 2668 ἐν
1205 2597 1365 2676 τοῖς
1421 2592 1788 2676 Ἠδωνοῖς
1865 2587 2242 2687 Αὶσχύλος
2306 2590 2678 2689 μέμνηται
2741 2589 2871 2667 και

631 2701 794 2771 τῶν
841 2694 1013 2795 περὶ
1064 2692 1311 2790 αὐτὴν
1363 2691 1743 2798 ὀργάνων.
1812 2692 2046 2772 εἷπων
2109 2691 2261 2797 γὰρ
2330 2693 2602 2827 σεμνὰ
2619 2690 2868 2779 Κότυς

635 2799 721 2874 ἐν
767 2803 925 2883 τοῖς
965 2797 1357 2886 Ηὸωνοῒς,
1410 2800 1619 2896 όρεια
1671 2797 1754 2875 δ’
1808 2797 2069 2930 ἔρραν’
2124 2798 2433 2893 ἔχοντας
2472 2794 2651 2882 τοὺς
2698 2798 2871 2896 περὶ

596 2897 774 2978 τὸν
822 2898 1229 2990 Διόνυσον,
1281 2902 1568 2988 εὐθέως
1620 2903 1970 3033 ἐπιφέρει,
2024 2901 2067 2977 ὃ
2118 2898 2263 3000 μὲν
2304 2903 2386 2977 ἐν
2404 2900 2620 3001 χἐρσι
2667 2898 2868 3002 βόμο

634 3006 882 3103 βυκας
949 3007 1142 3102 ἔχων
1206 3001 1486 3105 τόρνου
1565 3002 1914 3105 κάματον
1993 3001 2623 3083 δακτυλόὸεικτον
2685 3004 2868 3104 πίμ·

542 3189 545 3200 „
634 3115 860 3201 πλησι
908 3110 1151 3205 μέλος,
1203 3108 1483 3205 μανίας
1534 3108 1936 3238 ἐπαγωγὸν
1957 3104 2357 3236 ὃμοκλάν·
2428 3107 2470 3181 ὃ
2546 3104 2632 3184 δὲ
2676 3116 2869 3203 χαλ-

634 3207 965 3294 κοδέτοις
1015 3206 1362 3294 κοτύλαις
1391 3213 1666 3310 ὀτοβεῖ.
1716 3210 1845 3285 καὶ
1870 3205 2134 3285 πάλιν
2189 3208 2491 3308 ψαλμὸς
2542 3209 2625 3284 δ’
2680 3209 2869 3284 ἅλα-

637 3307 874 3402 adga-
926 3310 1507 3441 ταυρόφθογγοι
1557 3313 1642 3388 δ’
1695 3309 2240 3408 ὗπομηκῶνταί
2266 3315 2513 3386 ποθεν
2551 3314 2628 3397 ἐξ
2660 3312 2866 3412 ἄφα-

634 3422 837 3499 νοῦς
871 3415 1188 3515 φοβεροι
1208 3421 1452 3511 μῖιιοι,
1504 3411 1910 3513 τυμπάνου
1961 3414 2041 3491 δ’
2072 3413 2230 3511 ἠχώ
2262 3415 2455 3491 ὥσθ’
2509 3413 2864 3515 ὑπογείου

635 3520 963 3616 βροντῆς
1026 3518 1330 3695 gap-stac
1389 3515 1907 3618 βαρυταρβής.
2028 3518 2432 3615 Tyrwluttus
2492 3517 2565 3591 in
2617 3516 2870 3592 Conie-

588 3621 842 3697 Gcturis
890 3621 962 3691 in
1087 3621 1421 3693 trahonem
1487 3645 1643 3719 pag.
1697 3627 1823 3697 39.
1888 3629 2021 3717 τῆς
2087 3630 2242 3720 post
2303 3617 2597 3706 Κότυος
2663 3620 2867 3694 deleri

635 3722 919 3816 volebat,
970 3723 1185 3798 verbis
1236 3745 1401 3822 quae
1453 3734 1836 3822 sequuntur,
1902 3728 1986 3802 ἐν
2045 3731 2203 3809 τοῖς
2243 3724 2610 3808 Ηὸωνοῖς
2623 3773 2652 3817 ,
2714 3721 2866 3796 Ae-

636 3826 845 3924 schyli
909 3811 1192 3901 fabulam
1256 3825 1614 3922 significari
1675 3836 1938 3927 putans.
2071 3824 2170 3901 At
2232 3851 2359 3901 nee
2421 3825 2866 3902 necessarium

633 3936 780 4003 erat
826 3936 904 4003 ut
950 3954 1186 4003 nomen
1251 3930 1507 4005 fabulae
1554 3940 1829 4030 poneret
1878 3929 2150 4023 Strabo,
2205 3938 2295 4022 et,
2347 3930 2405 4001 si
2433 3929 2694 4028 posuit,
2744 3949 2868 4002 ea·

634 4034 781 4108 dem
831 4032 1031 4106 verba
1076 4034 1295 4132 paullo
1345 4042 1521 4130 post,
1573 4036 1688 4108 ubi
1735 4036 2078 4126 iterantur,
2133 4055 2211 4105 eo
2260 4032 2507 4105 referre
2545 4040 2865 4129 praestat·

632 4132 788 4208 Non
853 4137 1023 4210 enim
1091 4137 1276 4210 veri
1267 4137 1506 4210 ·simile
1570 4135 1673 4213 est¹
1736 4135 2173 4233 Aeschylum,
2256 4134 2432 4209 sieut
2505 4133 2862 4234 Euripides

633 4260 833 4336 saepe
884 4240 1194 4314 articulos
1245 4241 1536 4338 apponit,
1588 4240 1932 4339 scripsisse
1988 4236 2224 4334 σεμνα
2276 4235 2525 4323 Κότυς
2575 4242 2657 4315 ἐν
2705 4266 2863 4321 τοις

628 4339 1018 4429 Ηὸωιὶοἷς,
1069 4343 1188 4417 sed
1238 4343 1514 4419 dixisset
1559 4345 1698 4438 ille,
1754 4340 1990 4442 σεμνὰ
2017 4338 2320 4440 δαίμων
2345 4339 2597 4427 Κότυς
2615 4339 2861 4418 How-

638 4448 819 4529 νοῖς.
921 4442 1184 4521 Deinde
1232 4448 1428 4544 vulgo
1482 4446 1827 4545 legebatur
1889 4445 2063 4548 ὅρια
2129 4444 2212 4521 δ’
2279 4447 2517 4550 &pyrus
2564 4445 2857 4543 ἔχοντα.
