3275 5317
1071 473 1801 540 THEOCRITEAE.
2429 476 2560 544 1⁰3

306 635 490 712 addit
538 636 697 730 illa,
778 637 861 712 αἱ
923 636 1188 740 γαλέαι
1252 645 1610 736 μαλακῶς
1665 632 2085 737 χρῄσὸοντι
2145 636 2554 729 καθεῦὃεν,
2673 685 2677 692 «

304 740 570 816 scilieet
615 748 693 813 ut
742 741 1086 836 mustelae,
1137 742 1275 815 sive
1323 741 1488 830 feles
1538 740 1760 840 potius
1776 791 1801 833 ‚
1869 739 1952 816 de
2004 764 2132 838 quo
2183 739 2555 838 significatu

304 844 475 920 dixit
522 842 915 917 Perizonius
954 843 1041 917 ad
1088 842 1353 918 Aelian.
1403 843 1499 917 V.
1548 843 1644 917 H.
1696 841 1909 918 XIV.
1954 845 2031 916 4.
2097 845 2381 918 molliter
2428 867 2555 919 ou-

300 943 485 1021 bent.
591 944 775 1019 Dum
825 955 1044 1021 autem
1094 948 1346 1044 colligit
1394 945 1508 1020 fila
1557 947 1839 1042 aneilla,
1909 946 2108 1045 idque
2158 947 2398 1021 lentius
2448 948 2558 1022 fa-

301 1073 460 1125 eere
510 1048 794 1143 videtur,
849 1074 1086 1149 aquam
1135 1051 1392 1150 poseit=
1447 1050 1620 1123 unde
1673 1051 1806 1122 iam
1856 1058 2043 1125 reete
2111 1058 2179 1124 et
2226 1051 2390 1124 illud
2440 1080 2556 1127 κι-

299 1161 440 1232 νεῢ
492 1151 592 1249 δὴ
644 1154 806 1227 dieit
819 1205 845 1247 ‚
928 1162 997 1228 et
1059 1179 1193 1229 non
1259 1162 1654 1253 exspectans
1718 1153 1929 1227 donee
1995 1154 2362 1254 composita
2425 1155 2560 1230 sint

299 1255 442 1350 fila,
495 1257 682 1357 prius
731 1257 859 1332 sibi
908 1282 1103 1357 quam
1151 1257 1281 1332 hoo
1332 1266 1565 1356 agatur
1614 1281 1851 1356 aquam
1889 1257 2111 1331 afferri
2158 1258 2385 1331 volens
2435 1258 2562 1332 ad·-

298 1359 475 1454 finit,
531 1361 711 1461 φέρε
760 1365 1071 1440 θᾶσσον
1122 1360 1371 1466 ὕδωρ·
1441 1361 1722 1446 ὕδατος
1772 1357 2143 1462 πρότερον
2195 1358 2333 1436 δεῖ.
2410 1359 2558 1435 Iam

298 1488 462 1538 vero
514 1464 713 1540 etiam
765 1464 990 1562 quid
967 1466 1052 1539 iis
1117 1490 1284 1565 quae
1351 1473 1713 1564 sequnntur
1779 1462 2151 1538 faciendum
2201 1464 2294 1542 sit
2361 1464 2558 1538 inve-

298 1567 434 1644 niti
481 1576 730 1668 potest.
832 1565 1008 1644 Nam
1061 1567 1110 1645 ἄ
1161 1566 1248 1646 δὲ
1301 1592 1453 1642 eum
1504 1569 1702 1646 verbo
1751 1569 1986 1642 tertiae
2016 1591 2338 1666 personae
2389 1592 2559 1641 eon-

298 1669 604 1746 innotum
655 1669 951 1746 dubitare
1002 1697 1134 1746 non
1186 1671 1342 1746 sinit
1395 1673 1553 1770 quin
1601 1673 1832 1747 rixosa
1874 1671 2110 1743 mulier
2156 1669 2557 1768 indignetur,

302 1773 483 1873 quod
534 1773 782 1871 aliquid
832 1774 1094 1849 sinistre
1145 1783 1261 1848 aut
1310 1775 1698 1874 importune
1735 1782 1889 1871 agat
1918 1773 2184 1847 aneilla.
2288 1771 2371 1846 Id
2403 1773 2560 1872 quid

302 1877 415 1971 sit,
470 1877 668 1948 unius
717 1877 977 1951 litterae
1027 1879 1386 1954 mutatione
1426 1879 1816 1952 invenietur.
1924 1874 2362 1949 Consternata
2386 1876 2560 1950 enim

302 1979 527 2080 puella
577 1979 775 2053 herae
825 1980 1118 2078 imperiis
1134 2033 1159 2074 ,
1228 1981 1533 2079 quoniam
1594 1979 1817 2052 lavare
1883 2002 2031 2052 eam
2095 2003 2327 2054 manus
2389 1978 2559 2052 velle
2652 2019 2663 2030 κ

303 2082 508 2203 videt,
561 2105 648 2156 ne
698 2106 933 2158 novam
985 2083 1302 2157 eonvieiis
1351 2083 1696 2160 materiam
1745 2082 2095 2179 praebeat,
2163 2082 2338 2155 ultro
2393 2079 2561 2156 offi-

306 2184 492 2260 eiosa
543 2184 729 2304 prius
776 2209 1091 2283 saponem
1147 2209 1343 2283 quam
1393 2210 1629 2285 aquam
1684 2184 1900 2258 affert.
2020 2181 2147 2264 Sic
2196 2172 2400 2282 igitur
2448 2184 2561 2258 hie

310 2310 536 2364 versus
587 2288 972 2364 scribendus
1021 2288 1318 2362 videtur.

512 2422 725 2502 ade-⁸
791 2434 1061 2526 σμᾶμα
1127 2426 1358 2527 φέρει.
1438 2424 1575 2509 δὸς
1638 2423 1884 2520 ὅμως·
1968 2423 2075 2524 μὴ
2138 2422 2384 2504 πουλὺ
2446 2425 2559 2515 δ’,

1544 2527 1899 2624 α’πληστε,

513 2633 711 2734 ἔγχει
758 2629 997 2732 ὕδωρ.

308 2768 805 2868 Indignabunda
852 2769 1111 2863 mulier,
1162 2767 1358 2841 Ῑιαοο
1407 2790 1587 2840 vero
1602 2820 1627 2861 ,
1692 2765 1908 2865 inquit
1919 2817 1945 2859 ‚
2012 2788 2374 2864 saponem
2424 2770 2562 2864 as-

295 2875 516 2969 ser-t:
589 2874 708 2946 sed
756 2882 978 2947 tamen
1042 2897 1246 2946 usura
1311 2898 1391 2946 eo
1457 2872 1637 2945 addit
1702 2868 1808 2941 da
1874 2879 2168 2942 tamen:
2237 2896 2561 2970 quumque

313 2977 544 3051 deinde
594 2984 881 3050 tremens
947 2976 1192 3049 aneilla
1238 2975 1486 3072 largius
1538 2973 1813 3048 affundit
1840 2995 2101 3074 aquam,
2153 2997 2383 3047 rursus
2414 2998 2561 3047 eam

310 3080 635 3180 increpat.
754 3077 863 3152 Ad
933 3079 1509 3153 commendandam
1582 3077 1766 3148 illam
1849 3077 2365 3149 emendationem
2425 3100 2560 3150 non

315 3209 502 3315 opus·u
531 3192 636 3257 est
683 3187 759 3260 ut
807 3183 985 3256 aliud
1035 3182 1305 3255 afferam
1358 3206 1552 3280 quam
1600 3180 1770 3253 haee
1791 3176 2121 3252 Athenaei
2145 3178 2556 3256 1220.ss

316 3290 645 3387 ἐχρῶντο
715 3278 824 3363 δε
852 3293 957 3371 εἰς
1006 3285 1156 3371 τὰς
1184 3292 1446 3417 χεῖρας
1512 3279 2072 3368 ἀποπλύνοντες
2139 3282 2378 3368 αὐτὰς
2428 3313 2562 3359 και

318 3388 676 3490 σμήματι,
730 3386 1220 3521 ἄπορῥύψεως
1261 3418 1521 3492 χαριν,
1573 3386 1678 3476 ὥς
1717 3385 2170 3488 παρίστησιν
2210 3384 2562 3490 Ἀντιφά-

318 3522 448 3592 νης
498 3498 582 3572 ἐν
632 3491 1007 3595 Κωρύλῳ·

520 3635 606 3712 ἐν
657 3631 814 3732 όσῳ
863 3631 949 3710 δ’
1005 3619 1404 3732 ἀκροῶμαί
1452 3654 1594 3708 σου
1645 3624 1998 3708 κέλευσόν
2046 3626 2183 3727 μοί
2227 3655 2408 3707 τινα

519 3735 776 3837 φέρειν
829 3735 1390 3839 ἀπονίψασθαι.
1442 3729 1667 3812 Δότω
1714 3762 1829 3818 τις
1879 3731 2083 3834 δεῦρ’
2046 3657 2354 3834 μούδωρ

521 3838 653 3918 καὶ
701 3848 987 3941 σμῆμα.

523 3976 622 4053 V.
671 3981 800 4052 46.
851 3976 1412 4077 Interpunguutnr
1458 3973 1626 4050 haee
1677 3973 1817 4048 sie.

524 4103 764 4195 πολλα
810 4145 968 4205 τοι,
1021 4109 1085 4194 ὦ
1137 4119 1602 4214 Πτολεμαῖε,
1670 4110 2063 4210 πεποιηται
2109 4106 2302 4186 καλὰ
2355 4108 2559 4242 8'92102.

527 4222 604 4306 ἐξ
656 4213 718 4295 ὦ
772 4222 856 4298 εν
906 4216 1329 4306 ἅθανατοις
1381 4218 1421 4295 ὃ
1475 4213 1756 4308 τεκών,
1810 4215 2058 4301 οὐδεὶς
2076 4241 2514 4344 κακοεργος

526 4322 862 4404 ὃαλεῒται
908 4321 1049 4402 τὸν
1098 4320 1317 4402 ἰόντα
1365 4322 1772 4426 παρερπων
1819 4313 2292 4425 Αἰγυπτιστί.

342 4457 439 4535 lta
481 4462 544 4538 si
588 4462 898 4562 loquutus
949 4470 1053 4539 est
1104 4462 1533 4557 Theocritus,
1583 4485 1717 4536 non
1767 4458 1985 4560 potuit
2032 4481 2167 4533 uon
2192 4455 2563 4556 vituperare
