<?xml version="1.0" encoding="UTF-8"?>
<!DOCTYPE html PUBLIC "-//W3C//DTD XHTML 1.0 Transitional//EN"
    "http://www.w3.org/TR/xhtml1/DTD/xhtml1-transitional.dtd">
<html xmlns="http://www.w3.org/1999/xhtml" xml:lang="en" lang="en">
 <head>
  <title>
</title>
<meta http-equiv="Content-Type" content="text/html;charset=utf-8" />
  <meta name='ocr-system' content='tesseract 3.04.00' />
  <meta name='ocr-capabilities' content='ocr_page ocr_carea ocr_par ocr_line ocrx_word'/>
</head>
<body>
  <div class='ocr_page' id='page_1' title='image "./godofrediherman02fritgoog_0239.png"; bbox 0 0 3275 5317; ppageno 0'>
   <div class='ocr_carea' id='block_1_1' title="bbox 783 506 2524 579">
    <p class='ocr_par' dir='ltr' id='par_1_1' title="bbox 783 506 2524 579">
     <span class='ocr_line' id='line_1_1' title="bbox 783 506 2524 579; baseline 0.001 -8"><span class='ocrx_word' id='word_1_1' title='bbox 783 509 917 579; x_wconf 60' lang='lat' dir='ltr'><strong>m</strong></span> <span class='ocrx_word' id='word_1_2' title='bbox 1264 509 1386 571; x_wconf 84' lang='lat' dir='ltr'><strong>DE</strong></span> <span class='ocrx_word' id='word_1_3' title='bbox 1427 506 1887 570; x_wconf 80' lang='lat' dir='ltr'>VETERVM</span> <span class='ocrx_word' id='word_1_4' title='bbox 1930 506 2524 574; x_wconf 69' lang='lat' dir='ltr'>GRAEGORVM</span> 
     </span>
    </p>
   </div>
   <div class='ocr_carea' id='block_1_2' title="bbox 787 667 3014 2214">
    <p class='ocr_par' dir='ltr' id='par_1_2' title="bbox 787 667 3014 2214">
     <span class='ocr_line' id='line_1_2' title="bbox 787 667 3005 769; baseline -0 -19"><span class='ocrx_word' id='word_1_5' title='bbox 787 673 1070 751; x_wconf 82' lang='lat' dir='ltr'><strong>Scilicet</strong></span> <span class='ocrx_word' id='word_1_6' title='bbox 1135 695 1178 745; x_wconf 85' lang='lat' dir='ltr'><strong>a</strong></span> <span class='ocrx_word' id='word_1_7' title='bbox 1244 667 1755 743; x_wconf 80' lang='lat' dir='ltr'><strong>demonstratore</strong></span> <span class='ocrx_word' id='word_1_8' title='bbox 1833 677 2224 768; x_wconf 88' lang='lat' dir='ltr'><strong>acceperat,</strong></span> <span class='ocrx_word' id='word_1_9' title='bbox 2303 670 2460 769; x_wconf 90' lang='lat' dir='ltr'><strong>quid</strong></span> <span class='ocrx_word' id='word_1_10' title='bbox 2535 668 2693 743; x_wconf 89' lang='lat' dir='ltr'><strong>istic</strong></span> <span class='ocrx_word' id='word_1_11' title='bbox 2769 670 3005 769; x_wconf 85' lang='lat' dir='ltr'><strong>pictum</strong></span> 
     </span>
     <span class='ocr_line' id='line_1_3' title="bbox 789 770 3008 874; baseline -0 -23"><span class='ocrx_word' id='word_1_12' title='bbox 789 778 1046 859; x_wconf 69' lang='lat' dir='ltr'><strong>fuisset.</strong></span> <span class='ocrx_word' id='word_1_13' title='bbox 1162 770 1444 846; x_wconf 89' lang='lat' dir='ltr'><strong>Videtur</strong></span> <span class='ocrx_word' id='word_1_14' title='bbox 1504 771 1608 844; x_wconf 85' lang='lat' dir='ltr'><strong>his</strong></span> <span class='ocrx_word' id='word_1_15' title='bbox 1670 772 1933 846; x_wconf 88' lang='lat' dir='ltr'><strong>tertium</strong></span> <span class='ocrx_word' id='word_1_16' title='bbox 2000 773 2151 845; x_wconf 91' lang='lat' dir='ltr'><strong>addi</strong></span> <span class='ocrx_word' id='word_1_17' title='bbox 2181 798 2412 871; x_wconf 71' lang='lat' dir='ltr'><strong>,posse</strong></span> <span class='ocrx_word' id='word_1_18' title='bbox 2479 774 2849 874; x_wconf 88' lang='lat' dir='ltr'><strong>exemplum</strong></span> <span class='ocrx_word' id='word_1_19' title='bbox 2862 814 2890 868; x_wconf 82' lang='lat'><strong>-,</strong></span> <span class='ocrx_word' id='word_1_20' title='bbox 2946 773 3008 851; x_wconf 85' lang='grc' dir='ltr'><strong>Ι.</strong></span> 
     </span>
     <span class='ocr_line' id='line_1_4' title="bbox 803 862 3008 976; baseline -0 -21"><span class='ocrx_word' id='word_1_21' title='bbox 803 884 925 975; x_wconf 83' lang='grc'><strong>17,</strong></span> <span class='ocrx_word' id='word_1_22' title='bbox 979 883 1054 954; x_wconf 86' lang='lat'><strong>3.</strong></span> <span class='ocrx_word' id='word_1_23' title='bbox 1124 876 1237 950; x_wconf 87' lang='lat' dir='ltr'><strong>ubi</strong></span> <span class='ocrx_word' id='word_1_24' title='bbox 1286 876 1367 949; x_wconf 91' lang='lat' dir='ltr'><strong>de</strong></span> <span class='ocrx_word' id='word_1_25' title='bbox 1434 874 1678 972; x_wconf 88' lang='lat' dir='ltr'><strong>templo</strong></span> <span class='ocrx_word' id='word_1_26' title='bbox 1741 875 1995 949; x_wconf 78' lang='lat' dir='ltr'>Thesei</span> <span class='ocrx_word' id='word_1_27' title='bbox 2061 862 2327 949; x_wconf 73' lang='lat' dir='ltr'><strong>scflbitz</strong></span> <span class='ocrx_word' id='word_1_28' title='bbox 2396 885 2534 953; x_wconf 85' lang='grc' dir='ltr'><strong>τοῦ</strong></span> <span class='ocrx_word' id='word_1_29' title='bbox 2600 875 2690 952; x_wconf 74' lang='grc' dir='ltr'><strong>δὲ</strong></span> <span class='ocrx_word' id='word_1_30' title='bbox 2762 875 3008 976; x_wconf 78' lang='grc' dir='ltr'><em>τρίτου</em></span> 
     </span>
     <span class='ocr_line' id='line_1_5' title="bbox 795 977 3007 1082; baseline -0.003 -20"><span class='ocrx_word' id='word_1_31' title='bbox 795 991 956 1062; x_wconf 80' lang='grc' dir='ltr'><strong>τῶν</strong></span> <span class='ocrx_word' id='word_1_32' title='bbox 1003 978 1279 1077; x_wconf 83' lang='grc' dir='ltr'><em>τοίχων</em></span> <span class='ocrx_word' id='word_1_33' title='bbox 1321 977 1369 1074; x_wconf 84' lang='grc' dir='ltr'>ἡ</span> <span class='ocrx_word' id='word_1_34' title='bbox 1419 978 1705 1082; x_wconf 74' lang='grc' dir='ltr'><em>γραφὴ</em></span> <span class='ocrx_word' id='word_1_35' title='bbox 1743 977 1848 1076; x_wconf 83' lang='grc' dir='ltr'><strong>μὴ</strong></span> <span class='ocrx_word' id='word_1_36' title='bbox 1912 979 2375 1076; x_wconf 74' lang='grc' dir='ltr'><strong><em>πυθομένοις</em></strong></span> <span class='ocrx_word' id='word_1_37' title='bbox 2424 979 2476 1054; x_wconf 77' lang='grc' dir='ltr'><em>ἃ</em></span> <span class='ocrx_word' id='word_1_38' title='bbox 2527 978 2877 1082; x_wconf 75' lang='grc' dir='ltr'><strong><em>λέγουσιν</em></strong></span> <span class='ocrx_word' id='word_1_39' title='bbox 2924 981 3007 1056; x_wconf 83' lang='grc' dir='ltr'><strong>οὗ</strong></span> 
     </span>
     <span class='ocr_line' id='line_1_6' title="bbox 794 1079 3010 1186; baseline -0.003 -22"><span class='ocrx_word' id='word_1_40' title='bbox 794 1081 1044 1186; x_wconf 77' lang='grc' dir='ltr'><em>σαφής</em></span> <span class='ocrx_word' id='word_1_41' title='bbox 1094 1087 1273 1170; x_wconf 75' lang='grc' dir='ltr'><strong><em>ἐστι,</em></strong></span> <span class='ocrx_word' id='word_1_42' title='bbox 1324 1080 1421 1155; x_wconf 83' lang='grc' dir='ltr'><strong>τὰ</strong></span> <span class='ocrx_word' id='word_1_43' title='bbox 1470 1081 1613 1179; x_wconf 75' lang='grc' dir='ltr'><strong>μέν</strong></span> <span class='ocrx_word' id='word_1_44' title='bbox 1661 1108 1809 1157; x_wconf 89' lang='grc' dir='ltr'><strong>που</strong></span> <span class='ocrx_word' id='word_1_45' title='bbox 1863 1080 1996 1157; x_wconf 76' lang='grc' dir='ltr'><strong>διὰ</strong></span> <span class='ocrx_word' id='word_1_46' title='bbox 2044 1081 2184 1159; x_wconf 82' lang='grc' dir='ltr'><strong>τὸν</strong></span> <span class='ocrx_word' id='word_1_47' title='bbox 2224 1079 2538 1178; x_wconf 75' lang='grc' dir='ltr'><em>χρόνον,</em></span> <span class='ocrx_word' id='word_1_48' title='bbox 2588 1082 2694 1158; x_wconf 75' lang='grc' dir='ltr'><strong>τὰ</strong></span> <span class='ocrx_word' id='word_1_49' title='bbox 2720 1081 2808 1158; x_wconf 75' lang='grc' dir='ltr'><strong>δὲ</strong></span> <span class='ocrx_word' id='word_1_50' title='bbox 2858 1090 3010 1158; x_wconf 90' lang='grc' dir='ltr'><strong>Μι-</strong></span> 
     </span>
     <span class='ocr_line' id='line_1_7' title="bbox 793 1179 3013 1366; baseline -0.002 0"><span class='ocrx_word' id='word_1_51' title='bbox 793 1184 1285 1366; x_wconf 48' lang='lat' dir='ltr'><strong>amm,</strong></span> <span class='ocrx_word' id='word_1_52' title='bbox 1322 1179 2794 1362; x_wconf 49' lang='lat' dir='ltr'><strong>sufflffhafflttss‘assafi‘zffmhfl</strong></span> <span class='ocrx_word' id='word_1_53' title='bbox 2822 1185 3013 1361; x_wconf 57' lang='lat'><strong>„3⁵32</strong></span> 
     </span>
     <span class='ocr_line' id='line_1_8' title="bbox 794 1313 3014 1489; baseline -0.002 -20"><span class='ocrx_word' id='word_1_54' title='bbox 794 1420 880 1470; x_wconf 85' lang='lat' dir='ltr'><strong>ea</strong></span> <span class='ocrx_word' id='word_1_55' title='bbox 925 1394 1170 1467; x_wconf 83' lang='lat' dir='ltr'><strong>referre</strong></span> <span class='ocrx_word' id='word_1_56' title='bbox 1220 1391 1506 1489; x_wconf 88' lang='lat' dir='ltr'><strong>potnerit</strong></span> <span class='ocrx_word' id='word_1_57' title='bbox 1551 1313 1941 1482; x_wconf 57' lang='lat' dir='ltr'><strong>Pausanias,</strong></span> <span class='ocrx_word' id='word_1_58' title='bbox 1992 1389 2189 1463; x_wconf 84' lang='lat' dir='ltr'><strong>fidem</strong></span> <span class='ocrx_word' id='word_1_59' title='bbox 2235 1390 2460 1464; x_wconf 85' lang='lat' dir='ltr'><strong>habuit</strong></span> <span class='ocrx_word' id='word_1_60' title='bbox 2507 1340 2839 1487; x_wconf 55' lang='lat' dir='ltr'><strong>&#39;Silligiuffi</strong></span> <span class='ocrx_word' id='word_1_61' title='bbox 2926 1388 3014 1464; x_wconf 82' lang='lat' dir='ltr'><strong>At</strong></span> 
     </span>
     <span class='ocr_line' id='line_1_9' title="bbox 792 1491 3014 1593; baseline -0.003 -21"><span class='ocrx_word' id='word_1_62' title='bbox 792 1498 924 1573; x_wconf 85' lang='lat' dir='ltr'><strong>hoc</strong></span> <span class='ocrx_word' id='word_1_63' title='bbox 975 1496 1137 1569; x_wconf 90' lang='lat' dir='ltr'><strong>dicit</strong></span> <span class='ocrx_word' id='word_1_64' title='bbox 1167 1492 1531 1565; x_wconf 78' lang='lat' dir='ltr'><strong>Pausanias</strong></span> <span class='ocrx_word' id='word_1_65' title='bbox 1544 1544 1571 1585; x_wconf 91' lang='lat'>,</span> <span class='ocrx_word' id='word_1_66' title='bbox 1652 1494 1763 1591; x_wconf 90' lang='lat' dir='ltr'><strong>qui</strong></span> <span class='ocrx_word' id='word_1_67' title='bbox 1823 1492 2109 1567; x_wconf 85' lang='lat' dir='ltr'><strong>fabulam</strong></span> <span class='ocrx_word' id='word_1_68' title='bbox 2171 1492 2258 1566; x_wconf 88' lang='lat' dir='ltr'><strong>ad</strong></span> <span class='ocrx_word' id='word_1_69' title='bbox 2323 1518 2513 1591; x_wconf 84' lang='lat' dir='ltr'><strong>quam</strong></span> <span class='ocrx_word' id='word_1_70' title='bbox 2580 1499 2842 1593; x_wconf 75' lang='lat' dir='ltr'><strong>spectet</strong></span> <span class='ocrx_word' id='word_1_71' title='bbox 2896 1491 3014 1566; x_wconf 88' lang='lat' dir='ltr'><strong>ista</strong></span> 
     </span>
     <span class='ocr_line' id='line_1_10' title="bbox 796 1594 3014 1700; baseline -0.003 -28"><span class='ocrx_word' id='word_1_72' title='bbox 796 1602 1057 1700; x_wconf 89' lang='lat' dir='ltr'><strong>pictura</strong></span> <span class='ocrx_word' id='word_1_73' title='bbox 1120 1621 1254 1672; x_wconf 90' lang='lat' dir='ltr'><strong>non</strong></span> <span class='ocrx_word' id='word_1_74' title='bbox 1316 1595 1645 1693; x_wconf 83' lang='lat' dir='ltr'><strong>cognitam</strong></span> <span class='ocrx_word' id='word_1_75' title='bbox 1705 1595 2022 1689; x_wconf 84' lang='lat' dir='ltr'><strong>habeant,</strong></span> <span class='ocrx_word' id='word_1_76' title='bbox 2081 1595 2183 1668; x_wconf 88' lang='lat' dir='ltr'><strong>iis</strong></span> <span class='ocrx_word' id='word_1_77' title='bbox 2249 1596 2598 1670; x_wconf 84' lang='lat' dir='ltr'><strong>obscurum</strong></span> <span class='ocrx_word' id='word_1_78' title='bbox 2661 1620 2812 1669; x_wconf 91' lang='lat' dir='ltr'><strong>esse</strong></span> <span class='ocrx_word' id='word_1_79' title='bbox 2875 1594 3014 1692; x_wconf 90' lang='lat' dir='ltr'><strong>quid</strong></span> 
     </span>
     <span class='ocr_line' id='line_1_11' title="bbox 794 1697 3011 1802; baseline -0.003 -26"><span class='ocrx_word' id='word_1_80' title='bbox 794 1702 1085 1802; x_wconf 75' lang='lat' dir='ltr'><strong>pinxerit</strong></span> <span class='ocrx_word' id='word_1_81' title='bbox 1120 1700 1331 1773; x_wconf 73' lang='lat' dir='ltr'><strong>Mino</strong></span> <span class='ocrx_word' id='word_1_82' title='bbox 1346 1750 1373 1793; x_wconf 83' lang='lat'>,</span> <span class='ocrx_word' id='word_1_83' title='bbox 1441 1697 1615 1796; x_wconf 90' lang='lat' dir='ltr'><strong>quod</strong></span> <span class='ocrx_word' id='word_1_84' title='bbox 1678 1697 1921 1796; x_wconf 86' lang='lat' dir='ltr'><strong>aliquid</strong></span> <span class='ocrx_word' id='word_1_85' title='bbox 1996 1698 2274 1772; x_wconf 86' lang='lat' dir='ltr'><strong>fortasse</strong></span> <span class='ocrx_word' id='word_1_86' title='bbox 2337 1705 2662 1772; x_wconf 83' lang='lat' dir='ltr'><strong>vetustate</strong></span> <span class='ocrx_word' id='word_1_87' title='bbox 2733 1698 3011 1797; x_wconf 86' lang='lat' dir='ltr'><strong>perierit,</strong></span> 
     </span>
     <span class='ocr_line' id='line_1_12' title="bbox 795 1797 3014 1902; baseline -0.003 -24"><span class='ocrx_word' id='word_1_88' title='bbox 795 1804 1043 1902; x_wconf 86' lang='lat' dir='ltr'><strong>aliquid</strong></span> <span class='ocrx_word' id='word_1_89' title='bbox 1116 1803 1311 1876; x_wconf 89' lang='lat' dir='ltr'><strong>etiam</strong></span> <span class='ocrx_word' id='word_1_90' title='bbox 1387 1800 1467 1873; x_wconf 90' lang='lat' dir='ltr'><strong>ab</strong></span> <span class='ocrx_word' id='word_1_91' title='bbox 1531 1801 1680 1898; x_wconf 92' lang='lat' dir='ltr'><strong>ipso</strong></span> <span class='ocrx_word' id='word_1_92' title='bbox 1747 1801 2001 1899; x_wconf 89' lang='lat' dir='ltr'><strong>pictore</strong></span> <span class='ocrx_word' id='word_1_93' title='bbox 2062 1825 2197 1875; x_wconf 91' lang='lat' dir='ltr'><strong>non</strong></span> <span class='ocrx_word' id='word_1_94' title='bbox 2262 1800 2350 1875; x_wconf 86' lang='lat' dir='ltr'><strong>sit</strong></span> <span class='ocrx_word' id='word_1_95' title='bbox 2414 1798 2777 1898; x_wconf 84' lang='lat' dir='ltr'><strong>depictum.</strong></span> <span class='ocrx_word' id='word_1_96' title='bbox 2886 1797 3014 1873; x_wconf 86' lang='lat' dir='ltr'><strong>Sed</strong></span> 
     </span>
     <span class='ocr_line' id='line_1_13' title="bbox 797 1899 3009 2007; baseline -0.003 -27"><span class='ocrx_word' id='word_1_97' title='bbox 797 1932 965 2007; x_wconf 88' lang='lat' dir='ltr'><strong>quae</strong></span> <span class='ocrx_word' id='word_1_98' title='bbox 1015 1910 1400 2005; x_wconf 84' lang='lat' dir='ltr'><strong>supererant</strong></span> <span class='ocrx_word' id='word_1_99' title='bbox 1447 1903 1688 1977; x_wconf 79' lang='lat' dir='ltr'><strong>vidisse</strong></span> <span class='ocrx_word' id='word_1_100' title='bbox 1737 1902 2136 1976; x_wconf 84' lang='lat' dir='ltr'><strong>Pausaniam</strong></span> <span class='ocrx_word' id='word_1_101' title='bbox 2186 1928 2273 1976; x_wconf 93' lang='lat' dir='ltr'><strong>ex</strong></span> <span class='ocrx_word' id='word_1_102' title='bbox 2322 1928 2401 1977; x_wconf 94' lang='lat' dir='ltr'><strong>eo</strong></span> <span class='ocrx_word' id='word_1_103' title='bbox 2466 1911 2788 2002; x_wconf 87' lang='lat' dir='ltr'><strong>apparet,</strong></span> <span class='ocrx_word' id='word_1_104' title='bbox 2853 1899 3009 2000; x_wconf 89' lang='lat' dir='ltr'><strong>quod</strong></span> 
     </span>
     <span class='ocr_line' id='line_1_14' title="bbox 799 2006 3012 2107; baseline -0.003 -23"><span class='ocrx_word' id='word_1_105' title='bbox 799 2009 1030 2085; x_wconf 90' lang='lat' dir='ltr'><strong>deinde</strong></span> <span class='ocrx_word' id='word_1_106' title='bbox 1081 2008 1354 2107; x_wconf 86' lang='lat' dir='ltr'><strong>exponit</strong></span> <span class='ocrx_word' id='word_1_107' title='bbox 1402 2030 1546 2080; x_wconf 91' lang='lat' dir='ltr'><strong>eam</strong></span> <span class='ocrx_word' id='word_1_108' title='bbox 1596 2006 1918 2102; x_wconf 81' lang='lat' dir='ltr'><strong>fabulam,</strong></span> <span class='ocrx_word' id='word_1_109' title='bbox 1985 2030 2178 2105; x_wconf 88' lang='lat' dir='ltr'><strong>quam</strong></span> <span class='ocrx_word' id='word_1_110' title='bbox 2224 2006 2341 2080; x_wconf 94' lang='lat' dir='ltr'><strong>illa</strong></span> <span class='ocrx_word' id='word_1_111' title='bbox 2407 2006 2686 2106; x_wconf 77' lang='lat' dir='ltr'><strong>pictura</strong></span> <span class='ocrx_word' id='word_1_112' title='bbox 2736 2029 2870 2080; x_wconf 90' lang='lat' dir='ltr'><strong>non</strong></span> <span class='ocrx_word' id='word_1_113' title='bbox 2912 2010 3012 2079; x_wconf 87' lang='lat' dir='ltr'><strong>to-</strong></span> 
     </span>
     <span class='ocr_line' id='line_1_15' title="bbox 797 2109 1539 2214; baseline -0.007 -23"><span class='ocrx_word' id='word_1_114' title='bbox 797 2122 935 2190; x_wconf 86' lang='lat' dir='ltr'><strong>tam</strong></span> <span class='ocrx_word' id='word_1_115' title='bbox 980 2109 1539 2214; x_wconf 80' lang='lat' dir='ltr'><strong>repraesentabat.</strong></span> 
     </span>
    </p>
   </div>
   <div class='ocr_carea' id='block_1_3' title="bbox 796 2311 3013 4574">
    <p class='ocr_par' dir='ltr' id='par_1_3' title="bbox 796 2311 3013 4574">
     <span class='ocr_line' id='line_1_16' title="bbox 1004 2311 3012 2417; baseline -0.001 -27"><span class='ocrx_word' id='word_1_116' title='bbox 1004 2316 1306 2417; x_wconf 85' lang='lat' dir='ltr'><strong>Apparet</strong></span> <span class='ocrx_word' id='word_1_117' title='bbox 1354 2341 1442 2389; x_wconf 90' lang='lat' dir='ltr'><strong>ex</strong></span> <span class='ocrx_word' id='word_1_118' title='bbox 1489 2317 1593 2390; x_wconf 85' lang='lat' dir='ltr'><strong>his</strong></span> <span class='ocrx_word' id='word_1_119' title='bbox 1644 2313 1959 2415; x_wconf 88' lang='lat' dir='ltr'><strong>exemplis</strong></span> <span class='ocrx_word' id='word_1_120' title='bbox 1973 2367 2001 2410; x_wconf 91' lang='lat'><strong><em>,</em></strong></span> <span class='ocrx_word' id='word_1_121' title='bbox 2067 2316 2128 2389; x_wconf 88' lang='lat' dir='ltr'><strong>si</strong></span> <span class='ocrx_word' id='word_1_122' title='bbox 2176 2338 2531 2391; x_wconf 76' lang='lat' dir='ltr'><strong>vanescens</strong></span> <span class='ocrx_word' id='word_1_123' title='bbox 2599 2315 2862 2414; x_wconf 79' lang='lat' dir='ltr'><strong>pictura</strong></span> <span class='ocrx_word' id='word_1_124' title='bbox 2915 2311 3012 2387; x_wconf 80' lang='lat' dir='ltr'><strong>in-</strong></span> 
     </span>
     <span class='ocr_line' id='line_1_17' title="bbox 801 2411 3011 2517; baseline -0.004 -22"><span class='ocrx_word' id='word_1_125' title='bbox 801 2420 974 2495; x_wconf 93' lang='lat' dir='ltr'><strong>dicio</strong></span> <span class='ocrx_word' id='word_1_126' title='bbox 1026 2429 1129 2493; x_wconf 91' lang='lat' dir='ltr'><strong>est</strong></span> <span class='ocrx_word' id='word_1_127' title='bbox 1189 2420 1434 2517; x_wconf 89' lang='lat' dir='ltr'><strong>pictam</strong></span> <span class='ocrx_word' id='word_1_128' title='bbox 1498 2443 1647 2491; x_wconf 91' lang='lat' dir='ltr'><strong>esse</strong></span> <span class='ocrx_word' id='word_1_129' title='bbox 1708 2420 1781 2489; x_wconf 89' lang='lat' dir='ltr'><strong>in</strong></span> <span class='ocrx_word' id='word_1_130' title='bbox 1843 2419 2093 2516; x_wconf 89' lang='lat' dir='ltr'><strong>pariete</strong></span> <span class='ocrx_word' id='word_1_131' title='bbox 2107 2470 2134 2512; x_wconf 89' lang='lat'><strong><em>,</em></strong></span> <span class='ocrx_word' id='word_1_132' title='bbox 2215 2444 2348 2493; x_wconf 90' lang='lat' dir='ltr'><strong>non</strong></span> <span class='ocrx_word' id='word_1_133' title='bbox 2409 2443 2607 2517; x_wconf 89' lang='lat' dir='ltr'><strong>posse</strong></span> <span class='ocrx_word' id='word_1_134' title='bbox 2675 2411 3011 2490; x_wconf 89' lang='lat' dir='ltr'><strong>abiudicari</strong></span> 
     </span>
     <span class='ocr_line' id='line_1_18' title="bbox 796 2515 3010 2618; baseline -0.004 -22"><span class='ocrx_word' id='word_1_135' title='bbox 796 2524 884 2598; x_wconf 85' lang='lat' dir='ltr'><strong>ab</strong></span> <span class='ocrx_word' id='word_1_136' title='bbox 962 2521 1226 2618; x_wconf 89' lang='lat' dir='ltr'><strong>antiqua</strong></span> <span class='ocrx_word' id='word_1_137' title='bbox 1302 2518 1593 2595; x_wconf 82' lang='lat' dir='ltr'><strong>Graecia</strong></span> <span class='ocrx_word' id='word_1_138' title='bbox 1666 2528 1873 2592; x_wconf 88' lang='lat' dir='ltr'><strong>artem</strong></span> <span class='ocrx_word' id='word_1_139' title='bbox 1949 2544 2262 2618; x_wconf 87' lang='lat' dir='ltr'><strong>usumque</strong></span> <span class='ocrx_word' id='word_1_140' title='bbox 2348 2522 2630 2594; x_wconf 90' lang='lat' dir='ltr'><strong>tectoria</strong></span> <span class='ocrx_word' id='word_1_141' title='bbox 2699 2515 3010 2618; x_wconf 83' lang='lat' dir='ltr'><strong>pingendi.</strong></span> 
     </span>
     <span class='ocr_line' id='line_1_19' title="bbox 799 2622 3013 2723; baseline -0.002 -25"><span class='ocrx_word' id='word_1_142' title='bbox 799 2623 1025 2723; x_wconf 82' lang='lat' dir='ltr'><strong>Atque</strong></span> <span class='ocrx_word' id='word_1_143' title='bbox 1077 2624 1274 2696; x_wconf 79' lang='lat' dir='ltr'><strong>etiam</strong></span> <span class='ocrx_word' id='word_1_144' title='bbox 1320 2622 1383 2694; x_wconf 88' lang='lat' dir='ltr'><strong>si</strong></span> <span class='ocrx_word' id='word_1_145' title='bbox 1433 2623 1578 2717; x_wconf 89' lang='lat' dir='ltr'><strong>quis</strong></span> <span class='ocrx_word' id='word_1_146' title='bbox 1627 2622 1993 2694; x_wconf 86' lang='lat' dir='ltr'><strong>tabularum</strong></span> <span class='ocrx_word' id='word_1_147' title='bbox 2044 2647 2298 2720; x_wconf 91' lang='lat' dir='ltr'><strong>quoque</strong></span> <span class='ocrx_word' id='word_1_148' title='bbox 2364 2625 2621 2698; x_wconf 91' lang='lat' dir='ltr'><strong>colores</strong></span> <span class='ocrx_word' id='word_1_149' title='bbox 2690 2639 3013 2696; x_wconf 79' lang='lat' dir='ltr'><strong>senescere</strong></span> 
     </span>
     <span class='ocr_line' id='line_1_20' title="bbox 802 2724 3013 2824; baseline -0.004 -23"><span class='ocrx_word' id='word_1_150' title='bbox 802 2735 871 2801; x_wconf 89' lang='lat' dir='ltr'><strong>et</strong></span> <span class='ocrx_word' id='word_1_151' title='bbox 926 2732 1240 2801; x_wconf 85' lang='lat' dir='ltr'><strong>vetustate</strong></span> <span class='ocrx_word' id='word_1_152' title='bbox 1304 2724 1635 2818; x_wconf 84' lang='lat' dir='ltr'><strong>exstingui</strong></span> <span class='ocrx_word' id='word_1_153' title='bbox 1700 2724 2090 2818; x_wconf 80' lang='lat' dir='ltr'><strong>ostenderit,</strong></span> <span class='ocrx_word' id='word_1_154' title='bbox 2156 2749 2540 2824; x_wconf 87' lang='lat' dir='ltr'><strong>quamquam</strong></span> <span class='ocrx_word' id='word_1_155' title='bbox 2603 2727 2677 2800; x_wconf 91' lang='lat' dir='ltr'><strong>id</strong></span> <span class='ocrx_word' id='word_1_156' title='bbox 2736 2749 2867 2798; x_wconf 91' lang='lat' dir='ltr'><strong>non</strong></span> <span class='ocrx_word' id='word_1_157' title='bbox 2925 2725 3013 2793; x_wconf 82' lang='lat' dir='ltr'><strong>est</strong></span> 
     </span>
     <span class='ocr_line' id='line_1_21' title="bbox 803 2824 3012 2928; baseline -0.003 -25"><span class='ocrx_word' id='word_1_158' title='bbox 803 2829 941 2903; x_wconf 70' lang='lat' dir='ltr'><strong>veri</strong></span> <span class='ocrx_word' id='word_1_159' title='bbox 986 2828 1224 2920; x_wconf 86' lang='lat' dir='ltr'><strong>simile,</strong></span> <span class='ocrx_word' id='word_1_160' title='bbox 1258 2825 1359 2899; x_wconf 73' lang='lat' dir='ltr'><strong>ad</strong></span> <span class='ocrx_word' id='word_1_161' title='bbox 1406 2824 1547 2918; x_wconf 83' lang='lat' dir='ltr'><strong>illa,</strong></span> <span class='ocrx_word' id='word_1_162' title='bbox 1601 2849 1688 2897; x_wconf 86' lang='lat' dir='ltr'><strong>ex</strong></span> <span class='ocrx_word' id='word_1_163' title='bbox 1738 2825 1968 2924; x_wconf 88' lang='lat' dir='ltr'><strong>quibus</strong></span> <span class='ocrx_word' id='word_1_164' title='bbox 2030 2850 2231 2925; x_wconf 85' lang='lat' dir='ltr'><strong>supra</strong></span> <span class='ocrx_word' id='word_1_165' title='bbox 2292 2829 2375 2902; x_wconf 89' lang='lat' dir='ltr'><strong>de</strong></span> <span class='ocrx_word' id='word_1_166' title='bbox 2436 2830 2763 2928; x_wconf 88' lang='lat' dir='ltr'><strong>parietum</strong></span> <span class='ocrx_word' id='word_1_167' title='bbox 2809 2826 3012 2925; x_wconf 85' lang='lat' dir='ltr'><strong>pictu-</strong></span> 
     </span>
     <span class='ocr_line' id='line_1_22' title="bbox 802 2928 3012 3021; baseline -0.005 -14"><span class='ocrx_word' id='word_1_168' title='bbox 802 2957 884 3007; x_wconf 88' lang='lat' dir='ltr'><strong>ra</strong></span> <span class='ocrx_word' id='word_1_169' title='bbox 932 2931 1374 3005; x_wconf 87' lang='lat' dir='ltr'><strong>coniecturam</strong></span> <span class='ocrx_word' id='word_1_170' title='bbox 1423 2928 1699 3019; x_wconf 80' lang='lat' dir='ltr'><strong>fecimus</strong></span> <span class='ocrx_word' id='word_1_171' title='bbox 1712 2980 1739 3021; x_wconf 88' lang='lat'>‚</span> <span class='ocrx_word' id='word_1_172' title='bbox 1790 2928 1920 3002; x_wconf 86' lang='lat' dir='ltr'><strong>hoc</strong></span> <span class='ocrx_word' id='word_1_173' title='bbox 1968 2929 2226 3003; x_wconf 85' lang='lat' dir='ltr'><strong>accedit</strong></span> <span class='ocrx_word' id='word_1_174' title='bbox 2272 2955 2405 3004; x_wconf 91' lang='lat' dir='ltr'><strong>non</strong></span> <span class='ocrx_word' id='word_1_175' title='bbox 2468 2931 2866 3004; x_wconf 86' lang='lat' dir='ltr'><strong>levissimum</strong></span> <span class='ocrx_word' id='word_1_176' title='bbox 2911 2947 3012 2996; x_wconf 86' lang='lat' dir='ltr'><strong>ar-</strong></span> 
     </span>
     <span class='ocr_line' id='line_1_23' title="bbox 804 3025 3013 3133; baseline -0.004 -27"><span class='ocrx_word' id='word_1_177' title='bbox 804 3041 1205 3133; x_wconf 82' lang='lat' dir='ltr'><strong>gumentum,</strong></span> <span class='ocrx_word' id='word_1_178' title='bbox 1256 3030 1454 3129; x_wconf 85' lang='lat' dir='ltr'><strong>quod,</strong></span> <span class='ocrx_word' id='word_1_179' title='bbox 1498 3056 1698 3129; x_wconf 89' lang='lat' dir='ltr'><strong>quum</strong></span> <span class='ocrx_word' id='word_1_180' title='bbox 1758 3029 2194 3106; x_wconf 87' lang='lat' dir='ltr'><strong>Etruscorum</strong></span> <span class='ocrx_word' id='word_1_181' title='bbox 2256 3043 2675 3106; x_wconf 90' lang='lat' dir='ltr'><strong>monumenta</strong></span> <span class='ocrx_word' id='word_1_182' title='bbox 2738 3025 3013 3130; x_wconf 81' lang='lat' dir='ltr'><strong>peranti-</strong></span> 
     </span>
     <span class='ocr_line' id='line_1_24' title="bbox 802 3127 3013 3235; baseline -0.003 -26"><span class='ocrx_word' id='word_1_183' title='bbox 802 3162 1006 3235; x_wconf 87' lang='lat' dir='ltr'><strong>quum</strong></span> <span class='ocrx_word' id='word_1_184' title='bbox 1052 3136 1122 3207; x_wconf 93' lang='lat' dir='ltr'><strong>id</strong></span> <span class='ocrx_word' id='word_1_185' title='bbox 1169 3135 1498 3207; x_wconf 86' lang='lat' dir='ltr'><strong>inventum</strong></span> <span class='ocrx_word' id='word_1_186' title='bbox 1548 3159 1695 3207; x_wconf 90' lang='lat' dir='ltr'><strong>esse</strong></span> <span class='ocrx_word' id='word_1_187' title='bbox 1745 3135 2059 3233; x_wconf 88' lang='lat' dir='ltr'><strong>prodant,</strong></span> <span class='ocrx_word' id='word_1_188' title='bbox 2111 3134 2345 3207; x_wconf 89' lang='lat' dir='ltr'><strong>mirum</strong></span> <span class='ocrx_word' id='word_1_189' title='bbox 2394 3160 2477 3210; x_wconf 90' lang='lat' dir='ltr'><strong>ac</strong></span> <span class='ocrx_word' id='word_1_190' title='bbox 2524 3160 2696 3234; x_wconf 88' lang='lat' dir='ltr'><strong>pene</strong></span> <span class='ocrx_word' id='word_1_191' title='bbox 2742 3127 3013 3206; x_wconf 89' lang='lat' dir='ltr'><strong>incredi-</strong></span> 
     </span>
     <span class='ocr_line' id='line_1_25' title="bbox 803 3230 3012 3336; baseline -0.003 -25"><span class='ocrx_word' id='word_1_192' title='bbox 803 3240 939 3312; x_wconf 81' lang='lat' dir='ltr'><strong>bile</strong></span> <span class='ocrx_word' id='word_1_193' title='bbox 982 3243 1183 3328; x_wconf 87' lang='lat' dir='ltr'><strong>esset,</strong></span> <span class='ocrx_word' id='word_1_194' title='bbox 1237 3237 1298 3307; x_wconf 86' lang='lat' dir='ltr'><strong>si</strong></span> <span class='ocrx_word' id='word_1_195' title='bbox 1344 3236 1472 3310; x_wconf 87' lang='lat' dir='ltr'><strong>hoc</strong></span> <span class='ocrx_word' id='word_1_196' title='bbox 1521 3261 1727 3333; x_wconf 86' lang='lat' dir='ltr'><strong>genus</strong></span> <span class='ocrx_word' id='word_1_197' title='bbox 1790 3237 2100 3336; x_wconf 85' lang='lat' dir='ltr'><strong>pingendi</strong></span> <span class='ocrx_word' id='word_1_198' title='bbox 2135 3238 2534 3311; x_wconf 85' lang='lat' dir='ltr'><strong>intentatum</strong></span> <span class='ocrx_word' id='word_1_199' title='bbox 2583 3238 2843 3310; x_wconf 82' lang='lat' dir='ltr'><strong>sivisset</strong></span> <span class='ocrx_word' id='word_1_200' title='bbox 2886 3230 3012 3304; x_wconf 89' lang='lat' dir='ltr'><strong>sol·-</strong></span> 
     </span>
     <span class='ocr_line' id='line_1_26' title="bbox 806 3335 3013 3439; baseline -0.005 -27"><span class='ocrx_word' id='word_1_201' title='bbox 806 3342 941 3415; x_wconf 86' lang='lat' dir='ltr'><strong>lers</strong></span> <span class='ocrx_word' id='word_1_202' title='bbox 1005 3338 1325 3411; x_wconf 85' lang='lat' dir='ltr'><strong>industria</strong></span> <span class='ocrx_word' id='word_1_203' title='bbox 1391 3336 1802 3413; x_wconf 84' lang='lat' dir='ltr'><strong>Graecorum</strong></span> <span class='ocrx_word' id='word_1_204' title='bbox 1816 3392 1841 3432; x_wconf 87' lang='lat'>,</span> <span class='ocrx_word' id='word_1_205' title='bbox 1907 3341 2020 3437; x_wconf 91' lang='lat' dir='ltr'><strong>qui</strong></span> <span class='ocrx_word' id='word_1_206' title='bbox 2069 3364 2267 3439; x_wconf 90' lang='lat' dir='ltr'><strong>quum</strong></span> <span class='ocrx_word' id='word_1_207' title='bbox 2328 3339 2555 3424; x_wconf 85' lang='lat' dir='ltr'><strong>rudem</strong></span> <span class='ocrx_word' id='word_1_208' title='bbox 2621 3335 3013 3436; x_wconf 85' lang='lat' dir='ltr'><strong>accepissent</strong></span> 
     </span>
     <span class='ocr_line' id='line_1_27' title="bbox 810 3441 3013 3541; baseline -0.004 -25"><span class='ocrx_word' id='word_1_209' title='bbox 810 3450 1019 3516; x_wconf 86' lang='lat' dir='ltr'><strong>artem</strong></span> <span class='ocrx_word' id='word_1_210' title='bbox 1065 3441 1394 3541; x_wconf 86' lang='lat' dir='ltr'><strong>pingendi,</strong></span> <span class='ocrx_word' id='word_1_211' title='bbox 1444 3442 1540 3516; x_wconf 87' lang='lat' dir='ltr'><strong>ita</strong></span> <span class='ocrx_word' id='word_1_212' title='bbox 1588 3466 1734 3515; x_wconf 89' lang='lat' dir='ltr'><strong>eam</strong></span> <span class='ocrx_word' id='word_1_213' title='bbox 1785 3443 2234 3537; x_wconf 87' lang='lat' dir='ltr'><strong>excoluerunt,</strong></span> <span class='ocrx_word' id='word_1_214' title='bbox 2284 3451 2358 3516; x_wconf 88' lang='lat' dir='ltr'><strong>ut</strong></span> <span class='ocrx_word' id='word_1_215' title='bbox 2408 3443 2592 3515; x_wconf 87' lang='lat' dir='ltr'><strong>alias.</strong></span> <span class='ocrx_word' id='word_1_216' title='bbox 2635 3450 2859 3541; x_wconf 85' lang='lat' dir='ltr'><strong>gentes</strong></span> <span class='ocrx_word' id='word_1_217' title='bbox 2905 3459 3013 3507; x_wconf 84' lang='lat' dir='ltr'><strong>su·-</strong></span> 
     </span>
     <span class='ocr_line' id='line_1_28' title="bbox 811 3541 3011 3644; baseline -0.004 -25"><span class='ocrx_word' id='word_1_218' title='bbox 811 3546 1178 3644; x_wconf 79' lang='lat' dir='ltr'><strong>peraverint</strong></span> <span class='ocrx_word' id='word_1_219' title='bbox 1228 3569 1476 3643; x_wconf 84' lang='lat' dir='ltr'><strong>omnes.</strong></span> <span class='ocrx_word' id='word_1_220' title='bbox 1592 3545 1772 3638; x_wconf 73' lang='lat' dir='ltr'><strong>Quin</strong></span> <span class='ocrx_word' id='word_1_221' title='bbox 1831 3546 1930 3618; x_wconf 89' lang='lat' dir='ltr'><strong>illi</strong></span> <span class='ocrx_word' id='word_1_222' title='bbox 1994 3546 2054 3619; x_wconf 90' lang='lat' dir='ltr'><strong>si</strong></span> <span class='ocrx_word' id='word_1_223' title='bbox 2116 3571 2247 3620; x_wconf 91' lang='lat' dir='ltr'><strong>non</strong></span> <span class='ocrx_word' id='word_1_224' title='bbox 2308 3547 2676 3644; x_wconf 82' lang='lat' dir='ltr'><strong>pinxissent</strong></span> <span class='ocrx_word' id='word_1_225' title='bbox 2721 3541 3011 3643; x_wconf 81' lang='lat' dir='ltr'><strong>parietes,</strong></span> 
     </span>
     <span class='ocr_line' id='line_1_29' title="bbox 814 3643 3012 3750; baseline -0.003 -28"><span class='ocrx_word' id='word_1_226' title='bbox 814 3656 1026 3743; x_wconf 87' lang='lat' dir='ltr'><strong>certe,</strong></span> <span class='ocrx_word' id='word_1_227' title='bbox 1053 3647 1277 3737; x_wconf 88' lang='lat' dir='ltr'><strong>eredo,</strong></span> <span class='ocrx_word' id='word_1_228' title='bbox 1305 3656 1730 3721; x_wconf 88' lang='lat' dir='ltr'><strong>memoratum</strong></span> <span class='ocrx_word' id='word_1_229' title='bbox 1753 3649 1996 3723; x_wconf 88' lang='lat' dir='ltr'><strong>alicubi</strong></span> <span class='ocrx_word' id='word_1_230' title='bbox 2014 3650 2402 3747; x_wconf 85' lang='lat' dir='ltr'><strong>legeremus,</strong></span> <span class='ocrx_word' id='word_1_231' title='bbox 2435 3674 2477 3722; x_wconf 92' lang='lat' dir='ltr'><strong>a</strong></span> <span class='ocrx_word' id='word_1_232' title='bbox 2500 3674 2627 3750; x_wconf 86' lang='lat' dir='ltr'><strong>quo</strong></span> <span class='ocrx_word' id='word_1_233' title='bbox 2655 3647 2924 3748; x_wconf 87' lang='lat' dir='ltr'><strong>primum</strong></span> <span class='ocrx_word' id='word_1_234' title='bbox 2949 3643 3012 3711; x_wconf 71' lang='lat' dir='ltr'><strong>ot</strong></span> 
     </span>
     <span class='ocr_line' id='line_1_30' title="bbox 812 3881 3011 4058; baseline -0.001 -29"><span class='ocrx_word' id='word_1_235' title='bbox 812 3964 1027 4030; x_wconf 87' lang='lat' dir='ltr'><strong>ctura·</strong></span> <span class='ocrx_word' id='word_1_236' title='bbox 1053 3907 1336 4055; x_wconf 59' lang='lat' dir='ltr'><strong>parietes</strong></span> <span class='ocrx_word' id='word_1_237' title='bbox 1400 3959 1693 4048; x_wconf 87' lang='lat' dir='ltr'><strong>ornavit,</strong></span> <span class='ocrx_word' id='word_1_238' title='bbox 1772 3966 1997 4058; x_wconf 89' lang='lat' dir='ltr'><strong>aperte</strong></span> <span class='ocrx_word' id='word_1_239' title='bbox 2033 3881 2326 4031; x_wconf 56' lang='lat' dir='ltr'><strong>l,Plinius</strong></span> <span class='ocrx_word' id='word_1_240' title='bbox 2372 3881 2509 4032; x_wconf 60' lang='lat' dir='ltr'><strong>nlon</strong></span> <span class='ocrx_word' id='word_1_241' title='bbox 2555 3958 2835 4057; x_wconf 80' lang='lat' dir='ltr'><strong>parietes</strong></span> <span class='ocrx_word' id='word_1_242' title='bbox 2880 3944 3011 4047; x_wconf 67' lang='lat' dir='ltr'><strong>pri·</strong></span> 
     </span>
     <span class='ocr_line' id='line_1_31' title="bbox 816 4047 3011 4160; baseline -0.002 -28"><span class='ocrx_word' id='word_1_243' title='bbox 816 4084 993 4133; x_wconf 86' lang='lat' dir='ltr'><strong>mum</strong></span> <span class='ocrx_word' id='word_1_244' title='bbox 1007 4111 1033 4152; x_wconf 85' lang='lat'>‚</span> <span class='ocrx_word' id='word_1_245' title='bbox 1105 4060 1222 4133; x_wconf 88' lang='lat' dir='ltr'><strong>sed</strong></span> <span class='ocrx_word' id='word_1_246' title='bbox 1282 4086 1390 4135; x_wconf 89' lang='lat' dir='ltr'><strong>res</strong></span> <span class='ocrx_word' id='word_1_247' title='bbox 1437 4062 1603 4135; x_wconf 87' lang='lat' dir='ltr'><strong>istas</strong></span> <span class='ocrx_word' id='word_1_248' title='bbox 1676 4062 1747 4134; x_wconf 89' lang='lat' dir='ltr'><strong>in</strong></span> <span class='ocrx_word' id='word_1_249' title='bbox 1824 4062 2178 4160; x_wconf 88' lang='lat' dir='ltr'><strong>parietibus</strong></span> <span class='ocrx_word' id='word_1_250' title='bbox 2247 4061 2540 4159; x_wconf 84' lang='lat' dir='ltr'><strong>pinxisse</strong></span> <span class='ocrx_word' id='word_1_251' title='bbox 2599 4058 2786 4133; x_wconf 88' lang='lat' dir='ltr'><strong>dixit.</strong></span> <span class='ocrx_word' id='word_1_252' title='bbox 2887 4047 3011 4121; x_wconf 78' lang='grc' dir='ltr'><strong>ΙΙ·</strong></span> 
     </span>
     <span class='ocr_line' id='line_1_32' title="bbox 820 4152 3009 4263; baseline -0.004 -28"><span class='ocrx_word' id='word_1_253' title='bbox 820 4162 1079 4235; x_wconf 77' lang='lat' dir='ltr'><strong>venient</strong></span> <span class='ocrx_word' id='word_1_254' title='bbox 1126 4162 1401 4238; x_wconf 81' lang='lat' dir='ltr'><strong>fortasse</strong></span> <span class='ocrx_word' id='word_1_255' title='bbox 1452 4164 1600 4258; x_wconf 82' lang='lat' dir='ltr'><strong>alii,</strong></span> <span class='ocrx_word' id='word_1_256' title='bbox 1647 4165 1767 4263; x_wconf 76' lang='lat' dir='ltr'><strong>qui</strong></span> <span class='ocrx_word' id='word_1_257' title='bbox 1812 4167 1885 4237; x_wconf 87' lang='lat' dir='ltr'><strong>in</strong></span> <span class='ocrx_word' id='word_1_258' title='bbox 1932 4164 2244 4263; x_wconf 72' lang='lat' dir='ltr'><strong>legendis</strong></span> <span class='ocrx_word' id='word_1_259' title='bbox 2278 4164 2559 4263; x_wconf 74' lang='lat' dir='ltr'><strong>antiquis</strong></span> <span class='ocrx_word' id='word_1_260' title='bbox 2608 4152 3009 4257; x_wconf 72' lang='lat' dir='ltr'><strong>scriptoribus</strong></span> 
     </span>
     <span class='ocr_line' id='line_1_33' title="bbox 818 4264 3006 4365; baseline -0.001 -29"><span class='ocrx_word' id='word_1_261' title='bbox 818 4264 906 4336; x_wconf 85' lang='lat' dir='ltr'><strong>ad</strong></span> <span class='ocrx_word' id='word_1_262' title='bbox 952 4264 1071 4337; x_wconf 83' lang='lat' dir='ltr'><strong>has</strong></span> <span class='ocrx_word' id='word_1_263' title='bbox 1119 4289 1228 4338; x_wconf 87' lang='lat' dir='ltr'><strong>res</strong></span> <span class='ocrx_word' id='word_1_264' title='bbox 1272 4267 1608 4340; x_wconf 85' lang='lat' dir='ltr'><strong>attendere</strong></span> <span class='ocrx_word' id='word_1_265' title='bbox 1658 4267 2002 4363; x_wconf 75' lang='lat' dir='ltr'><strong>voluerint,</strong></span> <span class='ocrx_word' id='word_1_266' title='bbox 2055 4267 2229 4365; x_wconf 87' lang='lat' dir='ltr'><strong>quod</strong></span> <span class='ocrx_word' id='word_1_267' title='bbox 2279 4269 2561 4341; x_wconf 80' lang='lat' dir='ltr'><strong>certiora</strong></span> <span class='ocrx_word' id='word_1_268' title='bbox 2595 4286 2798 4364; x_wconf 84' lang='lat' dir='ltr'><strong>qnam</strong></span> <span class='ocrx_word' id='word_1_269' title='bbox 2858 4271 3006 4353; x_wconf 68' lang='lat' dir='ltr'><strong>qm</strong></span> 
     </span>
     <span class='ocr_line' id='line_1_34' title="bbox 820 4365 3009 4471; baseline 0.002 -35"><span class='ocrx_word' id='word_1_270' title='bbox 820 4365 977 4437; x_wconf 87' lang='lat' dir='ltr'><strong>mihi</strong></span> <span class='ocrx_word' id='word_1_271' title='bbox 1022 4389 1196 4440; x_wconf 88' lang='lat' dir='ltr'><strong>nunc</strong></span> <span class='ocrx_word' id='word_1_272' title='bbox 1244 4366 1316 4441; x_wconf 89' lang='lat' dir='ltr'><strong>in</strong></span> <span class='ocrx_word' id='word_1_273' title='bbox 1377 4377 1685 4471; x_wconf 85' lang='lat' dir='ltr'><strong>promptu</strong></span> <span class='ocrx_word' id='word_1_274' title='bbox 1747 4378 1935 4444; x_wconf 86' lang='lat' dir='ltr'><strong>erant</strong></span> <span class='ocrx_word' id='word_1_275' title='bbox 2004 4369 2245 4443; x_wconf 89' lang='lat' dir='ltr'><strong>indicia</strong></span> <span class='ocrx_word' id='word_1_276' title='bbox 2316 4371 2390 4444; x_wconf 86' lang='lat' dir='ltr'><strong>in</strong></span> <span class='ocrx_word' id='word_1_277' title='bbox 2450 4370 2818 4442; x_wconf 83' lang='lat' dir='ltr'><strong>alterutram</strong></span> <span class='ocrx_word' id='word_1_278' title='bbox 2861 4375 3009 4455; x_wconf 61' lang='grc' dir='ltr'><strong>ΡΠ·</strong></span> 
     </span>
     <span class='ocr_line' id='line_1_35' title="bbox 819 4469 3007 4574; baseline 0.001 -34"><span class='ocrx_word' id='word_1_279' title='bbox 819 4474 954 4543; x_wconf 89' lang='lat' dir='ltr'><strong>tem</strong></span> <span class='ocrx_word' id='word_1_280' title='bbox 992 4469 1325 4569; x_wconf 80' lang='lat' dir='ltr'><strong>praebeat.</strong></span> <span class='ocrx_word' id='word_1_281' title='bbox 1425 4471 1754 4550; x_wconf 86' lang='lat' dir='ltr'><strong>Rochetto</strong></span> <span class='ocrx_word' id='word_1_282' title='bbox 1801 4472 2026 4571; x_wconf 88' lang='lat' dir='ltr'><strong>utique</strong></span> <span class='ocrx_word' id='word_1_283' title='bbox 2073 4495 2311 4574; x_wconf 80' lang='lat' dir='ltr'><strong>magna</strong></span> <span class='ocrx_word' id='word_1_284' title='bbox 2371 4472 2664 4549; x_wconf 85' lang='lat' dir='ltr'><strong>habenda</strong></span> <span class='ocrx_word' id='word_1_285' title='bbox 2722 4470 2822 4543; x_wconf 76' lang='lat' dir='ltr'><strong>est</strong></span> <span class='ocrx_word' id='word_1_286' title='bbox 2863 4476 3007 4558; x_wconf 68' lang='lat' dir='ltr'><strong>gm-</strong></span> 
     </span>
    </p>
   </div>
  </div>
 </body>
</html>
