3275 5317
1657 157 1668 166 x
1685 171 1772 201 “K⁴

833 443 957 508 AD
1003 443 1342 510 FRANC.
1386 443 2034 509 SPITZNERVM.
2459 443 2552 513 ⁴5

317 608 582 705 persam
641 604 933 686 videtui-e
1010 630 1219 705 eoque
1279 606 1529 682 factum
1592 616 1699 681 est
1756 613 1835 682 ut
1897 605 2092 685 κατὰ
2139 628 2295 682 eun
2340 630 2553 682 accu-

315 709 547 805 sativo,
597 709 661 783 si
710 709 794 783 de
843 718 1027 784 motu
1075 710 1426 804 diceretur,
1477 711 1608 785 huc
1656 710 1817 784 illuc
1864 709 2111 810 aliquid
2156 710 2404 784 moveri
2449 710 2553 785 si-

311 810 693 909 guificaret3
744 812 851 886 sin
897 813 981 887 de
1032 812 1252 910 quieto
1302 821 1506 909 statu,
1553 814 1776 888 locum
1823 812 2150 888 incertum
2198 837 2282 914 ac
2330 819 2554 888 muta-

308 916 507 990 bilem
561 916 839 1012 cogitari
887 916 1175 990 iuberet·
1228 921 1305 988 ut
1354 941 1551 1013 quum
1596 917 1748 1015 quis
1791 918 1952 993 xor?
1979 916 2195 993 οἶκον
2246 940 2394 990 esse
2443 915 2556 989 111-
2688 981 2716 995 -

315 1019 505 1093 citur.
626 1017 808 1092 Hinc
870 1018 986 1091 illa
1047 1019 1255 1092 multa
1320 1018 1495 1117 apud
1559 1020 1784 1118 epicos
1799 1071 1825 1114 ,
1894 1015 2093 1118 quuiu
2159 1019 2306 1117 quis
2368 1018 2555 1092 ferin‘

312 1121 510 1197 ’κατὰ
567 1123 877 1217 στῆθος,
931 1121 1123 1197 zaro}
1174 1120 1448 1241 μηρόν,
1500 1124 1661 1199 κατ’
1714 1122 2001 1201 ἀσπίδα
2053 1123 2333 1216 dieitur,
2381 1121 2434 1195 1.
2483 1144 2552 1195 0.

314 1225 384 1297 111
431 1231 626 1325 parte
677 1224 898 1324 aliqua
945 1225 1258 1324 pectoris,
1308 1225 1602 1320 femoris,
1672 1226 1871 1299 scuti.
1985 1224 2071 1299 Id
2131 1249 2288 1300 vero
2355 1246 2557 1324 quum

313 1327 402 1402 sit
448 1323 625 1400 idem
693 1352 776 1401 ac
838 1328 899 1401 si
964 1328 1145 1402 dicas
1209 1353 1362 1426 qua
1417 1339 1655 1428 paoete
1702 1338 2003 1452 pectus·
2043 1337 2198 1422 est,
2280 1334 2558 1447 apparet

312 1430 428 1529 qui
474 1429 728 1504 factum
777 1431 890 1523 sit,
941 1438 1018 1538 ut
1065 1432 1261 1507 κατὰ
1313 1457 1498 1507 cunm
1514 1434 1890 1508 accusativo
1916 1432 2114 1507 etiam
2164 1455 2205 1503 e
2235 1429 2555 1523 regione

312 1531 744 1630 significaret.
844 1532 929 1605 Id
992 1560 1121 1631 quo
1171 1536 1385 1609 minus
1436 1537 1733 1610 dubium
1749 1537 2090 1656 videatur,
2152 1533 2551 1626 memineris,
2630 1629 2634 1633 ι

315 1638 588 1737 quaeso,
655 1634 925 1709 Livium
994 1638 1063 1710 id
1123 1639 1265 1712 sine
1342 1640 1828 1738 praepositione
1906 1637 2225 1732 regione
2305 1637 2557 1728 dicere,

270 1792 281 1795 ψ
318 1739 492 1839 quod
540 1737 739 1838 plane
788 1764 940 1813 cum
989 1741 1184 1816 κατὰ
1234 1743 1562 1816 convenit.
1662 1741 1971 1841 Denique
2009 1741 2314 1840 quoniam
2361 1738 2558 1817 κατὰ

305 1866 460 1943 per
508 1850 639 1935 est,
692 1843 752 1915 si
798 1843 868 1916 id
917 1844 1029 1917 cui
1075 1843 1297 1917 addita
1345 1852 1448 1918 est
1495 1844 1895 1946 praepositio
1958 1847 2173 1943 ipsum
2238 1849 2557 1935 movetur,

318 1955 393 2020 ut
440 1946 640 2021 κατὰ
691 1942 894 2042 ῥόον,
948 1947 1308 2020 communis
1356 1946 1417 2019 is
1467 1955 1685 2021 motus
1736 1935 1840 2021 est
1889 1947 2086 2021 etiam
2123 1946 2188 2021 01
2215 1945 2338 2040 rei,
2390 1967 2558 2044 quae

314 2071 441 2149 per
501 2048 667 2120 illud
730 2057 1050 2123 versatur.
1167 2047 1294 2123 Sic
1343 2058 1500 2125 nata
1541 2058 1669 2124 est
1730 2051 1866 2122 illa
1906 2048 2296 2148 significatio
2309 2100 2337 2143 ,
2391 2067 2559 2145 quae
2663 2097 2670 2102 -

320 2159 424 2226 cst
471 2151 912 2246 secundum,
966 2175 1134 2249 quae
1183 2153 1502 2227 translata
1532 2154 1617 2227 ad
1668 2177 1774 2246 ea,
1828 2178 1996 2252 quae
2034 2154 2317 2282 aliquam
2366 2150 2557 2224 simi-

314 2255 661 2329 litudinem
725 2255 1076 2348 haberent,
1141 2264 1218 2329 ut
1266 2257 1428 2332 κατ’
1496 2256 1767 2345 αἶσαν,
1818 2255 2013 2333 κατὰ
2054 2258 2310 2355 χρέος,
2355 2251 2555 2330 aar&

324 2355 669 2455 ζήτησιν,
750 2359 965 2456 patuit
1024 2359 1378 2453 latissime,
1460 2361 1848 2459 praesertim
1914 2384 2113 2458 quum
2176 2357 2560 2433 consociata

322 2485 467 2535 esse
533 2461 834 2535 videatur
894 2486 1045 2534 cum
1108 2462 1222 2536 illo
1288 2488 1481 2561 quem
1545 2465 1775 2538 modo
1804 2464 2099 2538 dicebam
2162 2460 2558 2583 significatu,

320 2586 679 2659 regmae.
730 2565 802 2636 in
853 2589 981 2661 quo
1033 2567 1338 2662 quoniam
1387 2567 1735 2641 collocatio
1785 2567 1963 2658 talis,
2017 2566 2226 2663 qualis
2254 2590 2377 2663 pro
2427 2564 2561 2636 situ

323 2669 491 2741 alius
541 2671 643 2740 rei
706 2691 854 2740 esse
919 2668 1190 2761 debeat,
1241 2669 1521 2767 ideoque
1586 2670 1774 2767 quasi
1837 2668 2175 2767 proportio
2241 2667 2560 2797 quaedam

324 2770 836 2901 adsignificatur,
890 2770 1065 2843 dicta
1115 2779 1267 2844 sunt
1317 2774 1515 2845 etiam
1563 2772 1761 2848 κατὰ
1809 2778 2132 2870 μοῖραν,
2181 2769 2377 2846 κατὰ
2429 2764 2560 2845 κό-

327 2898 550 2971 σμον,
601 2872 797 2949 κατὰ
848 2870 1147 2971 κράτος,
1198 2875 1358 2949 κατ’
1426 2876 1893 2972 ἄνθρωπον,
1959 2872 2153 2949 κατὰ
2220 2867 2560 2993 γνώμην,

310 2978 580 3076 aliaque
631 2975 1146 3049 innumerabilia.
1249 2975 1440 3048 Haec
1493 2977 1711 3049 omnia
1774 3001 1971 3073 quum
2036 2984 2120 3050 tu
2160 2975 2556 3068 summatim,
2671 3015 2698 3054 a

326 3081 467 3153 sed
490 3080 621 3154 alio
673 3078 867 3153 modo
914 3077 1322 3209 explicabas,
1375 3078 1655 3151 attulisti
1709 3104 1786 3210 p.
1846 3084 1967 3152 19.
2030 3079 2300 3152 Moschi
2359 3078 2562 3152 verba

175 3213 182 3224 ·
327 3181 454 3277 IV,
505 3185 636 3257 48.
691 3181 783 3257 οὗ
832 3211 982 3284 γαρ
1038 3203 1213 3281 σφε
1233 3177 1478 3278 ὃόιιον
1542 3181 1739 3258 κατὰ
1787 3188 2035 3278 τοῖχος
2082 3182 2330 3285 ἒεργει.
2448 3179 2563 3255 Ea

327 3311 479 3360 vero
532 3292 846 3383 corrupta
893 3309 1039 3358 esse
1107 3310 1230 3381 ego
1298 3284 1618 3379 arbitror,
1685 3293 1825 3359 tum
1891 3286 2063 3383 quod
2125 3286 2287 3358 1111111
2351 3285 2561 3382 magis

331 3388 679 3463 absurdum
727 3388 948 3461 dicere
996 3388 1112 3461 illo
1161 3388 1312 3462 loeo
1363 3397 1560 3486 poeta
1608 3389 1847 3487 potuit,
1900 3397 2040 3462 tum
2092 3389 2289 3486 quod,
2356 3390 2417 3461 si
2460 3390 2704 3465 itam

326 3491 728 3591 scripsisset,
782 3515 941 3563 usus
995 3487 1412 3565 Graecorum
1460 3515 1594 3564 11011
1643 3492 1773 3567 καὶ
1823 3490 1989 3587 λίην
2037 3522 2148 3595 γε,
2203 3493 2322 3565 sed
2372 3489 2564 3569 ἀλλὰ

334 3594 495 3691 λίην
545 3623 635 3716 7⁸.
680 3593 910 3668 inferri
957 3594 1377 3693 postulasset.
1478 3592 1637 3668 Non
1685 3595 2107 3670 dubitandum
2153 3604 2352 3693 puto,
2389 3596 2564 3699 quin

326 3699 459 3773 scri
506 3698 709 3773 serit.

458 3724 505 3799 Ρ
738 3798 1003 3903 τοίγαρ
1059 3825 1202 3901 σφε
1253 3797 1500 3898 δόιιον
1549 3793 1744 3877 κᾶτα
1794 3807 2044 3899 τοῖχος
2093 3800 2341 3905 ἐέργει.

534 3903 938 4001 Progredior
988 3905 1072 3977 ad
1119 3905 1496 4001 genitivum,
1550 3904 1633 3976 de
1676 3904 1864 3978 cuius
1895 3906 2380 3979 constructione
2408 3925 2562 3978 011111

330 4007 525 4084 ’κατὰ
576 4008 772 4081 docte
822 4016 1015 4105 atque
1066 4016 1374 4081 accurate
1424 4008 1824 4106 exposuisti·
1890 4009 2007 4082 sed
2068 4014 2283 4106 pauca
2340 4015 2562 4079 tamen

340 4119 508 4212 suut,
540 4111 622 4183 de
654 4111 885 4208 quibus
914 4110 1071 4183 mihi
1097 4111 1228 4183 alia
1250 4118 1384 4184 stat
1409 4112 1755 4185 sententia.
1809 4112 2005 4204 Quod
2026 4135 2096 4210 p.
2126 4113 2251 4183 23.
2282 4110 2564 4210 scripsi·-

336 4215 445 4308 sti,
469 4214 794 4288 neminem
818 4222 885 4287 te
927 4214 1370 4287 dissensurum
1395 4215 1691 4306 credere,
1722 4213 1782 4286 si
1809 4214 2165 4288 contendas
2189 4213 2564 4290 Minervam
2601 4291 2609 4296 ,

340 4318 518 4390 caesi
562 4316 859 4390 Patrocli
906 4325 1116 4393 totum
1165 4342 1406 4417 corpus
1452 4318 1607 4391 iude
1670 4340 1714 4388 a
1773 4317 2037 4392 naribus
2103 4317 2431 4394 annbrosia
2487 4325 2564 4392 et

340 4428 602 4494 nectare
650 4418 1015 4518 perfudisse
1062 4421 1195 4496 dici
1246 4420 1353 4496 bis
1399 4420 1694 4494 versibus
1741 4417 1935 4496 Iliad.
1985 4417 2196 4513 ΧΙΧ,
2255 4424 2377 4495 38.
