3275 5317
1106 499 1614 568 AFRANIVS.
2410 501 2541 573 283

504 663 587 738 In
635 663 1014 740 Materteris
1063 665 1496 764 fragmentum
1544 662 1906 738 secuudum
1954 661 2053 738 sic
2095 664 2325 739 scribit
2348 665 2541 740 Neu-

307 768 632 842 kirchius:

1449 929 1867 1019 postquam
1915 943 1994 991 se
2045 918 2245 992 vidit

558 1021 758 1096 invehi
800 1025 960 1096 e'sse
1007 1022 1432 1117 ingratam,
1449 1069 1457 1076 ·
1466 1023 1889 1199 Ρῖιὲξιπέῖἴι
1919 1021 2308 1095 sororibus
2339 1045 2543 1096 com-

301 1276 724 1373 Ingratam
741 1331 768 1373 ,
837 1279 1011 1376 quod
1073 1303 1196 1378 pro
1252 1277 1669 1372 gtssg‘natam
1731 1279 1992 1379 posuit,
2075 1279 2365 1378 explicat
2425 1306 2547 1378 per

300 1384 555 1456 minus
607 1392 1027 1480 acceptam.
1130 1379 1213 1453 Iu
1262 1381 1389 1456 hac
1453 1383 1985 1481 interpretatione
2035 1407 2168 1456 nou
2221 1391 2323 1456 est
2373 1384 2546 1481 quod

298 1487 840 1585 reprehendatur,
894 1485 1015 1557 sed
1062 1492 1282 1557 tamen
1334 1494 1402 1558 et
1452 1508 1531 1556 se
1581 1486 1780 1582 longa
1830 1486 2075 1583 syllaba
2127 1511 2206 1559 eo
2260 1510 2388 1583 quo
2439 1487 2547 1559 le-

297 1591 479 1687 gitur
529 1589 704 1692 loco,
758 1596 826 1661 et
876 1612 1043 1685 quae
1095 1597 1407 1687 corrupta
1473 1597 1626 1664 sunt
1677 1589 1876 1664 verba
1940 1589 2025 1661 ad
2089 1588 2261 1662 hanc
2324 1589 2545 1687 potius

299 1681 750 1767 coniecturam
798 1691 1080 1765 ducante

1469 1804 1889 1895 postquam
1939 1816 2096 1866 esse
2146 1793 2346 1867 vo'dw

558 1897 760 1971 inibi
815 1892 1297 1992 obsignatam
1346 1897 1764 1999 pdrvolam
1778 1951 1803 1991 ‚
1884 1893 2272 1970 sororibus
2338 1922 2545 1972 com·

1528 2000 1862 2074 mandat.

504 2151 589 2226 In
640 2150 902 2229 Ominis
951 2153 1313 2254 fragmento
1365 2155 1654 2229 secundo
1719 2181 1853 2230 non
1918 2153 2133 2253 potuit
2178 2153 2249 2227 in
2313 2154 2547 2228 trime-

297 2259 387 2334 tri
450 2257 638 2331 initio
705 2258 840 2332 dici
922 2257 1264 2331 tertiam.
1379 2257 1679 2332 Facilius
1760 2258 1944 2334 credi
2010 2266 2229 2357 potest
2291 2255 2545 2332 finitum

300 2388 381 2438 eo
432 2362 632 2437 verbo
668 2385 832 2439 ‚esse
883 2363 1274 2434 trimetrum.

510 2462 891 2538 Secundum
942 2464 1375 2561 fragmentum
1440 2472 1696 2540 tautum
1747 2462 1932 2537 abest
1980 2472 2056 2536 ut
2106 2462 2196 2535 sit
2244 2463 2546 2537 trimeter

301 2593 588 2660 scazon,
642 2575 717 2641 ut
766 2574 879 2640 aut
926 2567 995 2638 in
1046 2568 1259 2640 medio
1312 2568 1509 2641 fuerit
1575 2575 1953 2642 tetrametro
2017 2566 2356 2640 trochaico
2421 2591 2546 2641 ca-

301 2672 612 2747 talectico
662 2671 767 2743 vel
814 2670 1096 2743 iambico
1149 2671 1540 2764 acatalecto,

508 2868 615 2881 —
666 2822 1023 2896 bacillum
1074 2820 1489 2894 delabatum
1539 2820 1979 2895 co'rneolum
2012 2824 2283 2921 poscit
2324 2863 2430 2878 —-

306 2989 422 3054 aut
471 3003 559 3052 ex
607 2978 905 3051 iambicis
957 2975 1362 3050 catalecticis
1381 3029 1408 3071 ‚
1476 2976 1535 3048 si
1598 2977 1813 3075 prima
1862 2977 1990 3050 duo
2050 2975 2249 3048 verba
2296 2976 2367 3048 in
2416 2974 2546 3050 fine

303 3108 529 3159 versus
582 3088 791 3155 erant.

442 3236 468 3244 -
509 3185 595 3257 Iu
648 3185 870 3284 quinto
921 3185 1283 3279 fragmento
1337 3207 1537 3281 quum
1585 3207 1659 3256 se
1710 3182 2152 3256 Neukircbius
2205 3182 2371 3256 dixit
2391 3207 2547 3256 ver-

309 3316 421 3365 sus
472 3289 687 3387 gratia
738 3298 902 3359 tum
966 3288 1361 3381 inseruisse,
1435 3287 1680 3385 aliquid
1742 3287 2005 3384 peccati
2055 3287 2407 3359 admissum
2460 3288 2547 3361 sit

310 3400 594 3493 oportet.
656 3393 662 3398 ’
695 3389 996 3465 Vitiosus
1050 3400 1152 3464 est
1202 3391 1375 3464 enim
1426 3415 1617 3489 quem
1670 3390 1849 3463 dedit
1897 3414 2160 3462 versus:

513 3569 610 3619 ea
659 3543 1127 3640 memoriter,
1180 3570 1409 3644 quum
1458 3547 1735 3617 venero
1749 3597 1775 3637 ‚
1831 3553 1995 3614 tum
2044 3538 2409 3637 co'nfecta
2455 3552 2549 3616 ut

1536 3646 1955 3748 offendam.

310 3803 625 3879 Fortasse
677 3804 777 3877 sic
827 3803 1112 3896 volebat,
1166 3802 1531 3897 confe'cta
1582 3811 1747 3873 tum
1797 3812 1894 3873 ut
1940 3797 2360 3900 offendam,
2412 3825 2545 3872 nou

309 3909 488 3982 facta
539 3907 831 3980 elisione.
949 3902 1048 3978 At
1111 3907 1369 3980 omuino
1436 3930 1568 3979 nou
1634 3930 1799 4004 opus
1866 3913 2009 3977 erat
2071 3904 2289 3977 addito
2357 3912 2543 3995 tum,

312 4012 430 4085 sed
479 4011 743 4083 ultimus
795 4035 915 4109 pes
965 4010 1150 4083 deest
1198 4008 1477 4082 iambico
1531 4009 1894 4082 octonario.

515 4111 600 4186 In
649 4112 992 4188 undecimo
1042 4113 1403 4210 fragmento
1453 4137 1588 4186 non
1658 4122 1762 4187 est
1831 4107 2138 4186 credibile
2201 4108 2545 4182 Baccheos

315 4225 383 4290 et
434 4215 736 4293 Creticus
788 4242 933 4289 esse
984 4218 1405 4291 coniunctos:

1126 4373 1318 4445 satis
1350 4370 1723 4469 fortiter,
1770 4363 2081 4463 Paullo,
2130 4368 2427 4439 vestras

516 4470 959 4547 saumatam
1008 4472 1241 4548 colus.
