3275 5317
670 462 759 530 20
1471 458 1588 522 DE
1633 456 2125 521 AESCHYLI

665 620 901 724 χωοὶς
952 622 1289 699 ἕκαστον.
1344 619 1428 696 αἱ
1474 618 1559 696 δὲ
1613 627 1934 697 Μοῦσαι
1988 629 2584 741 συναγαγοῦσαι
2593 622 2905 717 ἔθαψαν

666 727 796 804 ἐπὶ
858 732 1021 812 τοῖς
1087 723 1508 828 λεγοαὲνοις
1573 720 2065 821 Λειβήθροις.
2201 723 2497 821 Hyginus
2562 722 2634 796 in
2710 723 2924 798 Poet.

673 831 946 904 Astron.
997 826 1096 900 Π.
1152 830 1224 902 7.
1276 853 1346 926 p.
1373 830 1551 901 438.
1605 852 1748 924 seq.
1816 826 1971 920 sed,
2024 836 2120 899 nt
2164 823 2722 899 Eratosthenes
2766 826 2910 919 m’,t

672 933 759 1007 in
809 932 1180 1025 Pangaeo
1231 930 1499 1001 sedens
1512 983 1537 1023 ,
1591 954 1821 1026 quum
1872 941 2111 1002 cantu
2177 929 2698 1004 delectaretur
2712 984 2737 1025 ,
2790 929 2913 1001 ἀι·-

675 1037 885 1111 cetur
933 1034 1164 1107 Iaber-
1215 1032 1295 1105 εἰ
1339 1031 1691 1112 obiecisse
1740 1032 2121 1128 Bacchas,
2176 1058 2370 1132 qnae
2421 1057 2708 1133 corpus.
2750 1032 2916 1106 eius

679 1140 1206 1237 discerperent
1248 1135 1690 1231 interfecti:
1757 1180 1864 1191 —
1926 1136 2201 1210 Musas
2268 1148 2528 1210 mutem
2591 1137 2915 1210 collecta

679 1242 1019 1317 membra
1069 1239 1513 1340 sepulturae
1563 1238 1990 1314 mandasse.
2096 1240 2247 1314 Hoc
2301 1239 2934 1315 Gatasterismorunr

660 1346 1118 1422 testimonium
1170 1370 1367 1443 quum
1419 1344 1630 1416 solum
1682 1345 1794 1436 sit,
1849 1369 1935 1417 ex
1987 1369 2115 1442 quo
2148 1344 2392 1442 aliquid
2423 1344 2503 1417 de
2534 1352 2914 1442 argumento

648 1449 1106 1523 'Bassaridum
1157 1471 1656 1545 cognoscamus,
1710 1471 1842 1520 non
1891 1448 2121 1545 liquet,
2189 1456 2408 1520 utrum
2456 1455 2599 1522 tota
2647 1449 2915 1544 tragoe-

678 1554 789 1625 dia
838 1551 924 1624 ad
975 1549 1232 1649 Orphei
1281 1550 1613 1622 interitum
1666 1550 2099 1647 spectaverit,
2167 1574 2250 1623 an
2302 1551 2520 1649 aliqua
2569 1552 2710 1623 51115
2759 1573 2915 1648 pars

676 1657 747 1728 in
796 1652 1091 1750 Lycurgi
1141 1678 1396 1752 quoque
1444 1654 1640 1725 rebus
1693 1653 1782 1726 sit
1828 1661 2111 1727 versata.
2217 1650 2529 1774 Orpheus
2560 1662 2740 1727 certe
2770 1678 2917 1726 am·-

676 1758 1038 1857 plissimam
1066 1756 1420 1854 praebebat
1449 1756 1824 1851 tragoediae
1850 1756 2234 1830 scribendae
2261 1757 2637 1829 materiam.
2679 1782 2918 1854 quum-

681 1886 806 1960 que
868 1859 1155 1932 maxima
1233 1858 1431 1930 fuerit
1496 1855 1809 1953 Aeschyli
1887 1858 1959 1930 111
2038 1859 2440 1932 inveniendis
2520 1859 2918 1957 argumentis

644 1963 1068 2068 ,simplicitas
1085 2013 1111 2055 ,
1178 1961 1337 2034 mihi
1402 1960 1662 2058 quidem
1726 1960 1864 2033 veri
1939 1960 2213 2034 similius
2278 1962 2573 2056 videtur,
2641 1964 2711 2033 in
2775 1963 2919 2036 solo

631 2071 649 2151 ’ᾖ
686 2065 946 2164 Orphei
1011 2089 1172 2138 casu
1235 2065 1406 2137 hanc
1456 2063 1858 2159 tragoediam
1909 2065 2305 2138 constitisse.
2420 2063 2519 2139 Et
2583 2090 2920 2139 commen-

684 2170 881 2242 datur
926 2168 1093 2239 haec
1143 2167 1433 2264 suspicio
1482 2166 1810 2239 mentione
1864 2164 2189 2264 Orphei
2167 2193 2239 2240 ιιι
2284 2165 2567 2261 Edonis,
2620 2170 2679 2241 si
2727 2199 2921 2266 μου-

680 2267 1051 2370 σόμαντις
1098 2269 1211 2343 1115
1265 2266 1576 2366 Orpheus
1626 2277 1753 2341 est.
1860 2267 2118 2342 Chorus
2168 2270 2426 2343 fabulae
2454 2271 2742 2344 dubitari
2762 2279 2921 2369 pot-

685 2382 790 2447 est
837 2374 1142 2465 fueritne,
1195 2379 1271 2444 ut
1317 2396 1553 2444 nomen
1607 2371 1863 2465 suadet,
1916 2371 2368 2475 Bassaridum,
2422 2398 2544 2467 an,
2599 2374 2784 2472 quod
2832 2400 2921 2448 ex

687 2475 1174 2568 Catasterismis
1225 2474 1534 2571 colligere
1587 2475 1731 2571 quis
1783 2474 2017 2572 possit,
2068 2475 2436 2551 Musarum.
2553 2474 2668 2550 Ad
2716 2502 2921 2575 argu·

685 2579 889 2652 menti
937 2578 1255 2650 rationem
1306 2577 1860 2650 accommodatior
1908 2586 2010 2651 est
2062 2579 2428 2652 concitatus
2470 2580 2582 2653 ille
2634 2587 2701 2653 et
2751 2604 2920 2679 pene

685 2680 1070 2755 furibundus
1119 2679 1572 2772 Bassaridum,
1638 2704 1833 2776 quam
1846 2731 1871 2772 ,
1940 2705 2103 2777 quas
2152 2706 2384 2778 graves
2434 2691 2504 2756 et
2551 2684 2921 2758 moderatas
2968 2682 2982 2716 ‘·

688 2809 839 2858 esse
890 2784 1203 2875 decebat,
1268 2782 1614 2855 Musarum
1682 2782 1958 2876 chorus,
2024 2785 2411 2882 praesertim
2476 2787 2581 2879 si,
2648 2795 2727 2860 ut
2790 2788 2919 2860 alio

687 2890 839 2961 loco
889 2885 1170 2978 conieci,
1221 2885 1652 2958 secundarum
1684 2885 1752 2955 in
1782 2886 2057 2983 trilogiis
2085 2887 2447 2962 fabularum
2483 2889 2691 2963 virtus
2718 2914 2921 2988 prae-

689 2991 884 3090 cipue
932 2991 1002 3062 in
1053 2989 1330 3062 canticis
1375 2989 1923 3086 conspiciebatur.
2030 2987 2196 3082 Sed,
2249 2991 2307 3063 si
2338 2990 2725 3065 Bassarides
2754 2993 2920 3066 cho-

689 3119 837 3166 rum
887 3092 1188 3189 agebant,
1242 3098 1460 3163 tamen
1510 3116 1680 3188 quae
1728 3091 1800 3163 in
1853 3090 2337 3165 Catasterismis
2387 3093 2467 3166 de
2497 3093 2714 3167 Musis
2745 3096 2924 3168 scri-
3010 3149 3013 3153 .

687 3204 806 3294 pta
853 3201 1029 3286 sunt,
1083 3193 1358 3266 suadent
1404 3200 1481 3265 ut
1527 3202 1829 3290 putemus
1878 3194 1998 3266 has
2059 3195 2131 3266 in
2192 3193 2322 3267 fine
2370 3197 2627 3269 fabulae
2640 3249 2665 3290 ,
2734 3199 2923 3272 simi-

685 3299 841 3371 liter
888 3304 964 3370 ut
1022 3296 1123 3368 illi
1186 3296 1259 3367 in
1321 3292 1795 3367 Eumenidibus
1845 3292 2102 3395 πρόπο
2100 3326 2276 3372 ιιποι.
2290 3350 2317 3392 ,
2382 3299 2455 3371 111
2521 3301 2923 3375 orchestram

686 3426 836 3475 esse
883 3400 1238 3497 ingressas,
1288 3406 1366 3473 ut
1413 3405 1482 3471 et
1528 3398 1828 3495 lugerent
1890 3396 2231 3498 Orpheum
2282 3410 2351 3475 et
2414 3428 2598 3476 ossa
2631 3404 2772 3478 51115
2838 3405 2923 3478 ad

688 3503 1160 3602 sepulturam
1137 3528 1210 3575 111
1256 3499 1594 3574 Libethris
1647 3503 1977 3577 efferrent.
2075 3502 2147 3577 Ν
2146 3529 2232 3578 on
2280 3506 2605 3603 pertinent
2654 3504 2785 3580 huc
2832 3508 2947 3579 il·-

689 3607 796 3679 lae
809 3657 836 3700 ,
905 3629 1066 3704 quas
1128 3604 1363 3679 Musas
1430 3628 1577 3678 5555
1640 3605 1714 3678 111
1774 3606 2040 3704 antiquo
2105 3617 2520 3682 monumento
2533 3661 2560 3702 ,
2633 3634 2762 3706 quo
2812 3634 2921 3684 res

691 3706 991 3805 Lycurgi
1040 3708 1479 3800 continentur,
1532 3706 1769 3805 Zoega
1812 3710 2251 3805 existimabat,
2306 3712 2493 3785 cuius
2524 3715 2924 3786 monumenti

602 3812 912 3910 17imago
964 3819 1033 3885 et
1081 3811 1643 3884 dissertationibus
1694 3812 1835 3884 eius
1885 3813 2145 3886 adiecta
2192 3824 2338 3907 55ι.,
2410 3821 2478 3887 5ι
2523 3815 2593 3885 111
2643 3814 2921 3911 picturis

697 3913 1012 3989 Creuzeri
1058 3910 1474 4011 Symbolicae
1522 3914 1759 3987 additis
1806 3916 1944 3989 tab.
1994 3914 2122 3988 VI.
2170 3916 2410 4014 inspici
2455 3925 2696 4014 potest.
2748 3917 2922 3992 Nam

691 4019 840 4091 illas
888 4016 1141 4091 Parcas
1190 4041 1371 4110 5555,
1413 4015 1776 4091 Welckero
1826 4019 2146 4091 assentior
2207 4018 2293 4091 ad
2339 4017 2612 4116 Zoegae
2674 4021 2922 4095 disser-

690 4122 972 4195 tationes
1021 4145 1091 4219 p.
1146 4121 1322 4195 359.
1394 4145 1535 4217 seq.
1638 4117 2068 4217 significatur
2132 4145 2213 4193 ea
2273 4122 2535 4219 pictura
2601 4125 2920 4222 quomodo

690 4223 764 4294 in
812 4223 1098 4296 furorem
1147 4231 1338 4298 aetus
1389 4223 1477 4296 sit
1523 4220 1903 4320 Lycurgus,
1956 4223 2128 4321 quod
2178 4224 2243 4297 ei
2290 4225 2489 4299 fatale
2538 4227 2767 4301 fuisse.

778 4387 785 4392 .
899 4324 1053 4399 Non
1101 4334 1322 4424 patet,
1376 4351 1505 4425 qua
1551 4326 1636 4399 de
1687 4350 1762 4399 re
1812 4326 2129 4424 scriptum
2178 4328 2375 4403 fuerit
2387 4380 2413 4422 ,
2483 4330 2659 4428 quod
2719 4330 2922 4404 scho-

690 4427 915 4503 liastes
979 4427 1298 4505 Nicandri
1362 4431 1446 4505 ad
1512 4428 1726 4506 Ther.
1792 4432 1972 4514 288.
2035 4429 2262 4507 affert.
2332 4430 2593 4532 σηιιαίι
2593 4461 2674 4507 ιι
2724 4429 2810 4509 δὲ
2873 4433 2921 4529 ἦ
