3275 5317
731 459 863 527 836
987 455 1488 526 INDICEND.
1533 452 1868 530 EXSEQ.
1914 459 1989 525 G.
2033 458 2112 525 H.
2158 453 2703 529 BRANDESII.

935 623 1134 696 Hune
1182 622 1381 696 talem
1428 620 1664 714 virum,
1718 618 1954 715 Cives,
2003 619 2074 693 in
2139 620 2356 707 media
2416 630 2553 696 tam
2615 623 2964 722 praeclara

732 725 1286 801 administratione
1350 732 1716 797 rectoratus
1780 724 2090 797 infestum
2151 724 2340 797 nobis
2422 726 2665 823 eripuit
2728 727 2964 800 fatum.

734 828 971 905 Subito
1026 836 1259 926 eaptus
1308 827 1815 901 inflammatione
1864 828 2267 926 pulmonum,
2336 828 2562 925 quinto
2626 838 2780 927 post
2830 830 2967 924 die,

732 934 846 1031 qui
894 932 1018 1005 fuit
1064 928 1303 1002 XVH.
1353 930 1595 1002 mensis
1646 929 1838 1023 Maii,
1892 930 2089 1023 obiit,
2143 930 2255 1028 qui
2317 932 2582 1004 morbus
2655 932 2969 1006 fratrilms

745 1060 989 1133 tuoque
1037 1035 1179 1128 eius
1233 1032 1529 1105 omnibus
1577 1033 1793 1106 fuerat
1843 1033 2152 1105 exitialis.
2260 1031 2471 1106 Nobis
2520 1035 2633 1107 ille
2681 1034 2965 1129 luctum,

725 1061 1145 1230 Residerium,
1197 1135 1697 1255 memoriamque
1747 1135 2031 1234 exempli
2080 1135 2227 1208 sui
2244 1136 2529 1234 reliquit.
2631 1134 2970 1211 Conveni-

728 1250 798 1317 te
848 1241 1049 1339 igitur
1098 1240 1182 1312 ad
1231 1239 1600 1337 exsequias,
1654 1239 1884 1336 quibus
1933 1239 2321 1312 honoremus
2360 1264 2584 1312 manes
2611 1241 2738 1314 viri
2766 1265 2968 1315 num-

731 1370 925 1445 quam
974 1344 1187 1437 nobis,
1238 1366 1589 1440 numquam
1636 1342 1792 1415 huie
1840 1340 2293 1435 Vniversitati,
2346 1364 2696 1440 numquam
2746 1344 2969 1417 homi-

731 1449 921 1521 nibus
970 1445 1273 1519 litteratis
1326 1445 1769 1519 obliviscendi.
1873 1442 2158 1518 Ornabit
2220 1469 2370 1518 eum
2419 1445 2634 1520 debito
2697 1447 2970 1521 laudum

732 1557 1146 1624 monumento
1197 1549 1297 1621 vir
1339 1548 1697 1648 plurimum
1759 1549 2149 1621 reverendus
2162 1598 2189 1640 ‚
2259 1549 2371 1646 qui
2434 1545 2784 1623 novissime
2850 1574 2970 1622 sa-

734 1677 994 1728 crarum
1059 1651 1500 1725 doctrinarum
1561 1650 1896 1749 professor
1959 1658 2306 1748 oratorque
2381 1653 2609 1750 templi
2676 1651 2967 1725 Paullini

733 1757 819 1830 ad
869 1781 991 1830 nos
1041 1754 1358 1848 accessit,
1423 1751 1765 1851 Augustus
1827 1754 2143 1827 Krehlius
2157 1805 2185 1848 ,
2249 1752 2509 1828 Doctor
2571 1755 2965 1854 theologiae,

734 1858 930 1959 digno
981 1858 1212 1956 dignus
1261 1858 1577 1958 postremi
1625 1857 1892 1958 pietatis
1942 1855 2146 1934 officii
2192 1857 2541 1957 interpres.
