<?xml version="1.0" encoding="UTF-8"?>
<!DOCTYPE html PUBLIC "-//W3C//DTD XHTML 1.0 Transitional//EN"
    "http://www.w3.org/TR/xhtml1/DTD/xhtml1-transitional.dtd">
<html xmlns="http://www.w3.org/1999/xhtml" xml:lang="en" lang="en">
 <head>
  <title>
</title>
<meta http-equiv="Content-Type" content="text/html;charset=utf-8" />
  <meta name='ocr-system' content='tesseract 3.04.00' />
  <meta name='ocr-capabilities' content='ocr_page ocr_carea ocr_par ocr_line ocrx_word'/>
</head>
<body>
  <div class='ocr_page' id='page_1' title='image "./godofrediherman02fritgoog_0089.png"; bbox 0 0 3275 5317; ppageno 0'>
   <div class='ocr_carea' id='block_1_1' title="bbox 606 1399 2772 1530">
    <p class='ocr_par' dir='ltr' id='par_1_1' title="bbox 606 1399 2772 1530">
     <span class='ocr_line' id='line_1_1' title="bbox 606 1399 2772 1530; baseline 0.006 -48"><span class='ocrx_word' id='word_1_1' title='bbox 606 1407 803 1486; x_wconf 80' lang='lat'><strong>10⁵7</strong></span> <span class='ocrx_word' id='word_1_2' title='bbox 996 1401 1592 1493; x_wconf 78' lang='lat' dir='ltr'><strong>scfloLAE</strong></span> <span class='ocrx_word' id='word_1_3' title='bbox 1670 1399 2772 1530; x_wconf 49' lang='lat' dir='ltr'>THEOORITEAEss).</span> 
     </span>
    </p>
   </div>
   <div class='ocr_carea' id='block_1_2' title="bbox 1653 1684 2092 1696">
    <p class='ocr_par' dir='ltr' id='par_1_2' title="bbox 1653 1684 2092 1696">
     <span class='ocr_line' id='line_1_2' title="bbox 1653 1684 2092 1696; baseline -0.002 -1"><span class='ocrx_word' id='word_1_4' title='bbox 1653 1684 2092 1696; x_wconf 59' lang='lat' dir='ltr'><strong>m</strong></span> 
     </span>
    </p>
   </div>
   <div class='ocr_carea' id='block_1_3' title="bbox 702 1835 3000 3516">
    <p class='ocr_par' dir='ltr' id='par_1_3' title="bbox 702 1835 3000 3516">
     <span class='ocr_line' id='line_1_3' title="bbox 753 1835 2995 1994; baseline 0.002 -48"><span class='ocrx_word' id='word_1_5' title='bbox 753 1835 1233 1948; x_wconf 73' lang='lat' dir='ltr'><strong>Theocritum</strong></span> <span class='ocrx_word' id='word_1_6' title='bbox 1281 1894 1432 1947; x_wconf 90' lang='lat' dir='ltr'><strong>eum</strong></span> <span class='ocrx_word' id='word_1_7' title='bbox 1480 1871 1874 1994; x_wconf 75' lang='lat' dir='ltr'><strong>scriptorem</strong></span> <span class='ocrx_word' id='word_1_8' title='bbox 1925 1859 2097 1970; x_wconf 80' lang='lat' dir='ltr'><strong>esse,</strong></span> <span class='ocrx_word' id='word_1_9' title='bbox 2145 1873 2221 1946; x_wconf 89' lang='lat' dir='ltr'><strong>in</strong></span> <span class='ocrx_word' id='word_1_10' title='bbox 2268 1897 2500 1971; x_wconf 85' lang='lat' dir='ltr'><strong>quem,</strong></span> <span class='ocrx_word' id='word_1_11' title='bbox 2552 1875 2619 1949; x_wconf 87' lang='lat' dir='ltr'><strong>si</strong></span> <span class='ocrx_word' id='word_1_12' title='bbox 2668 1874 2880 1951; x_wconf 83' lang='lat' dir='ltr'><strong>ullum</strong></span> <span class='ocrx_word' id='word_1_13' title='bbox 2926 1877 2995 1950; x_wconf 87' lang='lat' dir='ltr'><strong>in</strong></span> 
     </span>
     <span class='ocr_line' id='line_1_4' title="bbox 749 1975 2994 2074; baseline 0.002 -24"><span class='ocrx_word' id='word_1_14' title='bbox 749 1978 947 2050; x_wconf 89' lang='lat' dir='ltr'><strong>alium</strong></span> <span class='ocrx_word' id='word_1_15' title='bbox 962 2029 989 2071; x_wconf 85' lang='lat'>‚</span> <span class='ocrx_word' id='word_1_16' title='bbox 1040 1976 1147 2051; x_wconf 84' lang='lat' dir='ltr'><strong>vel</strong></span> <span class='ocrx_word' id='word_1_17' title='bbox 1196 1975 1575 2051; x_wconf 78' lang='lat' dir='ltr'><strong>criticorum</strong></span> <span class='ocrx_word' id='word_1_18' title='bbox 1622 1976 1959 2050; x_wconf 80' lang='lat' dir='ltr'><strong>temeritas</strong></span> <span class='ocrx_word' id='word_1_19' title='bbox 2010 1985 2081 2050; x_wconf 91' lang='lat' dir='ltr'><strong>et</strong></span> <span class='ocrx_word' id='word_1_20' title='bbox 2126 1977 2490 2074; x_wconf 89' lang='lat' dir='ltr'><strong>petulantia</strong></span> <span class='ocrx_word' id='word_1_21' title='bbox 2504 2029 2531 2071; x_wconf 88' lang='lat'><strong><em>,</em></strong></span> <span class='ocrx_word' id='word_1_22' title='bbox 2601 1979 2713 2053; x_wconf 81' lang='lat' dir='ltr'><strong>vel</strong></span> <span class='ocrx_word' id='word_1_23' title='bbox 2761 1980 2994 2054; x_wconf 85' lang='lat' dir='ltr'><strong>levitas</strong></span> 
     </span>
     <span class='ocr_line' id='line_1_5' title="bbox 748 2080 2995 2180; baseline 0.001 -26"><span class='ocrx_word' id='word_1_24' title='bbox 748 2089 945 2180; x_wconf 83' lang='lat' dir='ltr'><strong>atque</strong></span> <span class='ocrx_word' id='word_1_25' title='bbox 993 2080 1258 2158; x_wconf 81' lang='lat' dir='ltr'><strong>inscitia</strong></span> <span class='ocrx_word' id='word_1_26' title='bbox 1303 2081 1735 2178; x_wconf 85' lang='lat' dir='ltr'><strong>interpretum</strong></span> <span class='ocrx_word' id='word_1_27' title='bbox 1782 2102 1992 2177; x_wconf 88' lang='lat' dir='ltr'><strong>usque</strong></span> <span class='ocrx_word' id='word_1_28' title='bbox 2041 2080 2255 2153; x_wconf 83' lang='lat' dir='ltr'><strong>adhuc</strong></span> <span class='ocrx_word' id='word_1_29' title='bbox 2301 2080 2398 2153; x_wconf 90' lang='lat' dir='ltr'><strong>ita</strong></span> <span class='ocrx_word' id='word_1_30' title='bbox 2445 2090 2797 2176; x_wconf 81' lang='lat' dir='ltr'><strong>grassatae</strong></span> <span class='ocrx_word' id='word_1_31' title='bbox 2839 2083 2995 2176; x_wconf 89' lang='lat' dir='ltr'><strong>sint,</strong></span> 
     </span>
     <span class='ocr_line' id='line_1_6' title="bbox 747 2181 2998 2283; baseline -0 -25"><span class='ocrx_word' id='word_1_32' title='bbox 747 2191 824 2258; x_wconf 91' lang='lat' dir='ltr'><strong>ut</strong></span> <span class='ocrx_word' id='word_1_33' title='bbox 871 2184 986 2258; x_wconf 80' lang='lat' dir='ltr'><strong>vix</strong></span> <span class='ocrx_word' id='word_1_34' title='bbox 1032 2184 1364 2282; x_wconf 88' lang='lat' dir='ltr'><strong>potuerint</strong></span> <span class='ocrx_word' id='word_1_35' title='bbox 1415 2182 1650 2279; x_wconf 83' lang='lat' dir='ltr'><strong>magis,</strong></span> <span class='ocrx_word' id='word_1_36' title='bbox 1701 2182 2026 2255; x_wconf 88' lang='lat' dir='ltr'><strong>neminem</strong></span> <span class='ocrx_word' id='word_1_37' title='bbox 2073 2181 2279 2255; x_wconf 88' lang='lat' dir='ltr'><strong>latere</strong></span> <span class='ocrx_word' id='word_1_38' title='bbox 2320 2183 2637 2278; x_wconf 82' lang='lat' dir='ltr'><strong>arbitror,</strong></span> <span class='ocrx_word' id='word_1_39' title='bbox 2692 2186 2811 2283; x_wconf 85' lang='lat' dir='ltr'><strong>qui</strong></span> <span class='ocrx_word' id='word_1_40' title='bbox 2860 2186 2998 2259; x_wconf 86' lang='lat' dir='ltr'><strong>eius</strong></span> 
     </span>
     <span class='ocr_line' id='line_1_7' title="bbox 746 2284 3000 2404; baseline 0 -44"><span class='ocrx_word' id='word_1_41' title='bbox 746 2287 1110 2361; x_wconf 88' lang='lat' dir='ltr'><strong>carminum</strong></span> <span class='ocrx_word' id='word_1_42' title='bbox 1158 2286 1475 2359; x_wconf 82' lang='lat' dir='ltr'><strong>editiones</strong></span> <span class='ocrx_word' id='word_1_43' title='bbox 1542 2285 1843 2404; x_wconf 79' lang='lat' dir='ltr'><strong>cognitas</strong></span> <span class='ocrx_word' id='word_1_44' title='bbox 1892 2285 2151 2357; x_wconf 83' lang='lat' dir='ltr'><strong>habeat.</strong></span> <span class='ocrx_word' id='word_1_45' title='bbox 2271 2284 2461 2378; x_wconf 73' lang='lat' dir='ltr'><strong>Quae</strong></span> <span class='ocrx_word' id='word_1_46' title='bbox 2525 2311 2820 2362; x_wconf 79' lang='lat' dir='ltr'><strong>caussae</strong></span> <span class='ocrx_word' id='word_1_47' title='bbox 2869 2288 3000 2361; x_wconf 88' lang='lat' dir='ltr'><strong>sint</strong></span> 
     </span>
     <span class='ocr_line' id='line_1_8' title="bbox 747 2386 2995 2488; baseline 0.001 -26"><span class='ocrx_word' id='word_1_48' title='bbox 747 2396 970 2463; x_wconf 88' lang='lat' dir='ltr'><strong>tantae</strong></span> <span class='ocrx_word' id='word_1_49' title='bbox 1016 2388 1502 2488; x_wconf 86' lang='lat' dir='ltr'><strong>perversitatis,</strong></span> <span class='ocrx_word' id='word_1_50' title='bbox 1578 2388 1787 2460; x_wconf 88' lang='lat' dir='ltr'><strong>satius</strong></span> <span class='ocrx_word' id='word_1_51' title='bbox 1853 2394 1956 2460; x_wconf 89' lang='lat' dir='ltr'><strong>est</strong></span> <span class='ocrx_word' id='word_1_52' title='bbox 2022 2386 2282 2461; x_wconf 87' lang='lat' dir='ltr'><strong>silentio</strong></span> <span class='ocrx_word' id='word_1_53' title='bbox 2342 2391 2741 2486; x_wconf 87' lang='lat' dir='ltr'><strong>praeterire.</strong></span> <span class='ocrx_word' id='word_1_54' title='bbox 2843 2389 2995 2488; x_wconf 86' lang='lat' dir='ltr'><strong>Ego</strong></span> 
     </span>
     <span class='ocr_line' id='line_1_9' title="bbox 749 2489 2992 2610; baseline 0.001 -46"><span class='ocrx_word' id='word_1_55' title='bbox 749 2491 1010 2589; x_wconf 85' lang='lat' dir='ltr'><strong>quidem</strong></span> <span class='ocrx_word' id='word_1_56' title='bbox 1060 2509 1258 2589; x_wconf 86' lang='lat' dir='ltr'><strong>qnmn</strong></span> <span class='ocrx_word' id='word_1_57' title='bbox 1306 2514 1517 2588; x_wconf 91' lang='lat' dir='ltr'><strong>nuper</strong></span> <span class='ocrx_word' id='word_1_58' title='bbox 1564 2491 1826 2610; x_wconf 85' lang='lat' dir='ltr'><strong>aliquot</strong></span> <span class='ocrx_word' id='word_1_59' title='bbox 1863 2489 2211 2572; x_wconf 84' lang='lat' dir='ltr'><strong>Theocriti</strong></span> <span class='ocrx_word' id='word_1_60' title='bbox 2258 2490 2480 2587; x_wconf 81' lang='lat' dir='ltr'><strong>idyllia</strong></span> <span class='ocrx_word' id='word_1_61' title='bbox 2526 2502 2992 2587; x_wconf 85' lang='lat' dir='ltr'><strong>retractarem,</strong></span> 
     </span>
     <span class='ocr_line' id='line_1_10' title="bbox 746 2592 2990 2694; baseline 0.002 -27"><span class='ocrx_word' id='word_1_62' title='bbox 746 2595 1014 2667; x_wconf 81' lang='lat' dir='ltr'><strong>videbar</strong></span> <span class='ocrx_word' id='word_1_63' title='bbox 1060 2594 1220 2666; x_wconf 89' lang='lat' dir='ltr'><strong>mihi</strong></span> <span class='ocrx_word' id='word_1_64' title='bbox 1267 2593 1377 2666; x_wconf 89' lang='lat' dir='ltr'><strong>hic</strong></span> <span class='ocrx_word' id='word_1_65' title='bbox 1425 2592 1565 2666; x_wconf 91' lang='lat' dir='ltr'><strong>illic</strong></span> <span class='ocrx_word' id='word_1_66' title='bbox 1612 2593 1963 2686; x_wconf 84' lang='lat' dir='ltr'><strong>invenisse,</strong></span> <span class='ocrx_word' id='word_1_67' title='bbox 2017 2616 2184 2690; x_wconf 85' lang='lat' dir='ltr'><strong>quae</strong></span> <span class='ocrx_word' id='word_1_68' title='bbox 2233 2594 2338 2667; x_wconf 82' lang='lat' dir='ltr'><strong>vel</strong></span> <span class='ocrx_word' id='word_1_69' title='bbox 2388 2595 2719 2694; x_wconf 82' lang='lat' dir='ltr'><strong>explicari</strong></span> <span class='ocrx_word' id='word_1_70' title='bbox 2744 2598 2990 2673; x_wconf 84' lang='lat' dir='ltr'><strong>rectius</strong></span> 
     </span>
     <span class='ocr_line' id='line_1_11' title="bbox 743 2693 2990 2819; baseline 0.001 -49"><span class='ocrx_word' id='word_1_71' title='bbox 743 2704 1012 2797; x_wconf 88' lang='lat' dir='ltr'><strong>possent</strong></span> <span class='ocrx_word' id='word_1_72' title='bbox 1059 2697 1163 2771; x_wconf 84' lang='lat' dir='ltr'><strong>vel</strong></span> <span class='ocrx_word' id='word_1_73' title='bbox 1213 2696 1456 2771; x_wconf 88' lang='lat' dir='ltr'><strong>certius</strong></span> <span class='ocrx_word' id='word_1_74' title='bbox 1507 2696 1860 2769; x_wconf 87' lang='lat' dir='ltr'><strong>emendari.</strong></span> <span class='ocrx_word' id='word_1_75' title='bbox 1972 2693 2090 2768; x_wconf 81' lang='lat' dir='ltr'><strong>Ex</strong></span> <span class='ocrx_word' id='word_1_76' title='bbox 2140 2721 2268 2794; x_wconf 87' lang='lat' dir='ltr'><strong>quo</strong></span> <span class='ocrx_word' id='word_1_77' title='bbox 2319 2722 2559 2819; x_wconf 80' lang='lat' dir='ltr'><strong>genere</strong></span> <span class='ocrx_word' id='word_1_78' title='bbox 2614 2701 2768 2775; x_wconf 84' lang='lat' dir='ltr'><strong>volo</strong></span> <span class='ocrx_word' id='word_1_79' title='bbox 2817 2724 2990 2773; x_wconf 90' lang='lat' dir='ltr'><strong>non-</strong></span> 
     </span>
     <span class='ocr_line' id='line_1_12' title="bbox 744 2797 2987 2902; baseline 0.001 -30"><span class='ocrx_word' id='word_1_80' title='bbox 744 2801 926 2873; x_wconf 89' lang='lat' dir='ltr'><strong>nulla</strong></span> <span class='ocrx_word' id='word_1_81' title='bbox 951 2825 1038 2874; x_wconf 81' lang='lat' dir='ltr'><strong>ex</strong></span> <span class='ocrx_word' id='word_1_82' title='bbox 1067 2800 1332 2874; x_wconf 86' lang='lat' dir='ltr'><strong>scholae</strong></span> <span class='ocrx_word' id='word_1_83' title='bbox 1381 2797 1683 2871; x_wconf 79' lang='lat' dir='ltr'><strong>umbra</strong></span> <span class='ocrx_word' id='word_1_84' title='bbox 1660 2825 1733 2871; x_wconf 89' lang='grc' dir='ltr'><strong>ιιι</strong></span> <span class='ocrx_word' id='word_1_85' title='bbox 1780 2797 2110 2898; x_wconf 87' lang='lat' dir='ltr'><strong>publicam</strong></span> <span class='ocrx_word' id='word_1_86' title='bbox 2157 2800 2372 2873; x_wconf 88' lang='lat' dir='ltr'><strong>lucem</strong></span> <span class='ocrx_word' id='word_1_87' title='bbox 2425 2801 2768 2876; x_wconf 85' lang='lat' dir='ltr'><strong>emittere.</strong></span> <span class='ocrx_word' id='word_1_88' title='bbox 2821 2825 2987 2902; x_wconf 85' lang='lat' dir='ltr'><strong>quac</strong></span> 
     </span>
     <span class='ocr_line' id='line_1_13' title="bbox 744 2902 2987 3004; baseline 0 -27"><span class='ocrx_word' id='word_1_89' title='bbox 744 2904 804 2978; x_wconf 87' lang='lat' dir='ltr'><strong>si</strong></span> <span class='ocrx_word' id='word_1_90' title='bbox 851 2912 1036 2978; x_wconf 90' lang='lat' dir='ltr'><strong>recte</strong></span> <span class='ocrx_word' id='word_1_91' title='bbox 1086 2903 1305 2978; x_wconf 86' lang='lat' dir='ltr'><strong>dicere</strong></span> <span class='ocrx_word' id='word_1_92' title='bbox 1353 2902 1631 2995; x_wconf 87' lang='lat' dir='ltr'><strong>iudicer,</strong></span> <span class='ocrx_word' id='word_1_93' title='bbox 1685 2927 1817 2976; x_wconf 92' lang='lat' dir='ltr'><strong>non</strong></span> <span class='ocrx_word' id='word_1_94' title='bbox 1868 2910 2060 2975; x_wconf 87' lang='lat' dir='ltr'><strong>erunt</strong></span> <span class='ocrx_word' id='word_1_95' title='bbox 2124 2925 2207 2977; x_wconf 88' lang='lat' dir='ltr'><strong>ea</strong></span> <span class='ocrx_word' id='word_1_96' title='bbox 2267 2904 2527 3001; x_wconf 89' lang='lat' dir='ltr'><strong>ingrata</strong></span> <span class='ocrx_word' id='word_1_97' title='bbox 2585 2914 2832 3004; x_wconf 86' lang='lat' dir='ltr'><strong>poetae</strong></span> <span class='ocrx_word' id='word_1_98' title='bbox 2880 2905 2987 2978; x_wconf 89' lang='lat' dir='ltr'><strong>le-</strong></span> 
     </span>
     <span class='ocr_line' id='line_1_14' title="bbox 742 3005 2981 3099; baseline -0 -16"><span class='ocrx_word' id='word_1_99' title='bbox 742 3007 1075 3098; x_wconf 83' lang='lat' dir='ltr'><strong>ctoribus3</strong></span> <span class='ocrx_word' id='word_1_100' title='bbox 1129 3007 1233 3080; x_wconf 91' lang='lat' dir='ltr'><strong>sin</strong></span> <span class='ocrx_word' id='word_1_101' title='bbox 1281 3007 1493 3079; x_wconf 90' lang='lat' dir='ltr'><strong>minus</strong></span> <span class='ocrx_word' id='word_1_102' title='bbox 1509 3057 1536 3099; x_wconf 88' lang='lat'><strong><em>,</em></strong></span> <span class='ocrx_word' id='word_1_103' title='bbox 1589 3005 2048 3079; x_wconf 83' lang='lat' dir='ltr'><strong>excitabuntur</strong></span> <span class='ocrx_word' id='word_1_104' title='bbox 2095 3006 2376 3079; x_wconf 86' lang='lat' dir='ltr'><strong>fortasse</strong></span> <span class='ocrx_word' id='word_1_105' title='bbox 2425 3006 2726 3083; x_wconf 89' lang='lat' dir='ltr'><strong>homines</strong></span> <span class='ocrx_word' id='word_1_106' title='bbox 2778 3006 2981 3099; x_wconf 83' lang='lat' dir='ltr'><strong>docti,</strong></span> 
     </span>
     <span class='ocr_line' id='line_1_15' title="bbox 702 3107 2982 3210; baseline 0 -26"><span class='ocrx_word' id='word_1_107' title='bbox 702 3120 818 3184; x_wconf 56' lang='lat' dir='ltr'><strong>’ut</strong></span> <span class='ocrx_word' id='word_1_108' title='bbox 868 3118 1209 3208; x_wconf 85' lang='lat' dir='ltr'><strong>quaerant</strong></span> <span class='ocrx_word' id='word_1_109' title='bbox 1230 3110 1525 3183; x_wconf 85' lang='lat' dir='ltr'><strong>meliora.</strong></span> <span class='ocrx_word' id='word_1_110' title='bbox 1628 3107 1737 3182; x_wconf 90' lang='lat' dir='ltr'><strong>Ne</strong></span> <span class='ocrx_word' id='word_1_111' title='bbox 1789 3109 1935 3206; x_wconf 86' lang='lat' dir='ltr'><strong>quis</strong></span> <span class='ocrx_word' id='word_1_112' title='bbox 1984 3116 2205 3182; x_wconf 86' lang='lat' dir='ltr'><strong>autem</strong></span> <span class='ocrx_word' id='word_1_113' title='bbox 2252 3110 2562 3203; x_wconf 88' lang='lat' dir='ltr'><strong>miretur,</strong></span> <span class='ocrx_word' id='word_1_114' title='bbox 2632 3112 2811 3210; x_wconf 86' lang='lat' dir='ltr'><strong>quod</strong></span> <span class='ocrx_word' id='word_1_115' title='bbox 2876 3117 2982 3185; x_wconf 88' lang='lat' dir='ltr'><strong>et·-</strong></span> 
     </span>
     <span class='ocr_line' id='line_1_16' title="bbox 742 3211 2978 3313; baseline 0.001 -30"><span class='ocrx_word' id='word_1_116' title='bbox 742 3213 872 3284; x_wconf 88' lang='lat' dir='ltr'><strong>iam</strong></span> <span class='ocrx_word' id='word_1_117' title='bbox 921 3213 1093 3285; x_wconf 81' lang='lat' dir='ltr'><strong>levia</strong></span> <span class='ocrx_word' id='word_1_118' title='bbox 1141 3212 1316 3283; x_wconf 89' lang='lat' dir='ltr'><strong>hand</strong></span> <span class='ocrx_word' id='word_1_119' title='bbox 1364 3235 1582 3309; x_wconf 88' lang='lat' dir='ltr'><strong>pauca</strong></span> <span class='ocrx_word' id='word_1_120' title='bbox 1630 3211 1962 3285; x_wconf 88' lang='lat' dir='ltr'><strong>attulerim</strong></span> <span class='ocrx_word' id='word_1_121' title='bbox 1976 3262 2003 3304; x_wconf 85' lang='lat'><strong><em>,</em></strong></span> <span class='ocrx_word' id='word_1_122' title='bbox 2057 3212 2273 3285; x_wconf 89' lang='lat' dir='ltr'><strong>sciant</strong></span> <span class='ocrx_word' id='word_1_123' title='bbox 2322 3212 2435 3310; x_wconf 86' lang='lat' dir='ltr'><strong>qui</strong></span> <span class='ocrx_word' id='word_1_124' title='bbox 2456 3213 2626 3289; x_wconf 91' lang='lat' dir='ltr'><strong>haec</strong></span> <span class='ocrx_word' id='word_1_125' title='bbox 2649 3216 2876 3313; x_wconf 86' lang='lat' dir='ltr'><strong>legent</strong></span> <span class='ocrx_word' id='word_1_126' title='bbox 2909 3212 2978 3285; x_wconf 91' lang='lat' dir='ltr'><strong>id</strong></span> 
     </span>
     <span class='ocr_line' id='line_1_17' title="bbox 738 3314 2978 3435; baseline 0 -46"><span class='ocrx_word' id='word_1_127' title='bbox 738 3339 846 3389; x_wconf 89' lang='lat' dir='ltr'><strong>me</strong></span> <span class='ocrx_word' id='word_1_128' title='bbox 894 3322 1244 3435; x_wconf 88' lang='lat' dir='ltr'><strong>propterea</strong></span> <span class='ocrx_word' id='word_1_129' title='bbox 1290 3314 1555 3406; x_wconf 88' lang='lat' dir='ltr'><strong>fecisse,</strong></span> <span class='ocrx_word' id='word_1_130' title='bbox 1604 3321 1683 3386; x_wconf 90' lang='lat' dir='ltr'><strong>ut</strong></span> <span class='ocrx_word' id='word_1_131' title='bbox 1731 3321 2081 3412; x_wconf 87' lang='lat' dir='ltr'><strong>appareret</strong></span> <span class='ocrx_word' id='word_1_132' title='bbox 2131 3323 2375 3412; x_wconf 85' lang='lat' dir='ltr'><strong>quanta</strong></span> <span class='ocrx_word' id='word_1_133' title='bbox 2414 3315 2612 3391; x_wconf 89' lang='lat' dir='ltr'><strong>etiam</strong></span> <span class='ocrx_word' id='word_1_134' title='bbox 2660 3319 2734 3390; x_wconf 90' lang='lat' dir='ltr'><strong>in</strong></span> <span class='ocrx_word' id='word_1_135' title='bbox 2784 3317 2978 3392; x_wconf 87' lang='lat' dir='ltr'><strong>rebus</strong></span> 
     </span>
     <span class='ocr_line' id='line_1_18' title="bbox 739 3416 2487 3516; baseline 0.002 -27"><span class='ocrx_word' id='word_1_136' title='bbox 739 3417 1164 3516; x_wconf 87' lang='lat' dir='ltr'><strong>apertissimis</strong></span> <span class='ocrx_word' id='word_1_137' title='bbox 1217 3416 1393 3516; x_wconf 89' lang='lat' dir='ltr'><strong>apud</strong></span> <span class='ocrx_word' id='word_1_138' title='bbox 1443 3416 1879 3492; x_wconf 88' lang='lat' dir='ltr'><strong>Theocritum</strong></span> <span class='ocrx_word' id='word_1_139' title='bbox 1927 3425 2162 3514; x_wconf 85' lang='lat' dir='ltr'><strong>regnet</strong></span> <span class='ocrx_word' id='word_1_140' title='bbox 2208 3418 2487 3492; x_wconf 87' lang='lat' dir='ltr'><strong>incuria.</strong></span> 
     </span>
    </p>
   </div>
   <div class='ocr_carea' id='block_1_4' title="bbox 1645 3586 1927 3682">
    <p class='ocr_par' dir='ltr' id='par_1_4' title="bbox 1645 3586 1927 3682">
     <span class='ocr_line' id='line_1_19' title="bbox 1645 3586 1927 3682; baseline 0 -19"><span class='ocrx_word' id='word_1_141' title='bbox 1645 3679 1648 3682; x_wconf 12' lang='grc' dir='ltr'><strong>Δ</strong></span> <span class='ocrx_word' id='word_1_142' title='bbox 1762 3586 1927 3663; x_wconf 83' lang='lat' dir='ltr'><strong>VII.</strong></span> 
     </span>
    </p>
   </div>
   <div class='ocr_carea' id='block_1_5' title="bbox 734 3726 2972 4239">
    <p class='ocr_par' dir='ltr' id='par_1_5' title="bbox 734 3726 2972 4239">
     <span class='ocr_line' id='line_1_20' title="bbox 939 3726 2972 3825; baseline -0.001 -24"><span class='ocrx_word' id='word_1_143' title='bbox 939 3726 1023 3801; x_wconf 93' lang='lat' dir='ltr'><strong>In</strong></span> <span class='ocrx_word' id='word_1_144' title='bbox 1072 3727 1351 3825; x_wconf 88' lang='lat' dir='ltr'><strong>septimo</strong></span> <span class='ocrx_word' id='word_1_145' title='bbox 1397 3726 1622 3824; x_wconf 84' lang='lat' dir='ltr'><strong>idyllio</strong></span> <span class='ocrx_word' id='word_1_146' title='bbox 1672 3749 1840 3825; x_wconf 85' lang='lat' dir='ltr'><strong>quae</strong></span> <span class='ocrx_word' id='word_1_147' title='bbox 1887 3735 2238 3802; x_wconf 88' lang='lat' dir='ltr'><strong>narrantur</strong></span> <span class='ocrx_word' id='word_1_148' title='bbox 2276 3726 2640 3803; x_wconf 87' lang='lat' dir='ltr'><strong>dubitatum</strong></span> <span class='ocrx_word' id='word_1_149' title='bbox 2690 3734 2796 3802; x_wconf 87' lang='lat' dir='ltr'><strong>est</strong></span> <span class='ocrx_word' id='word_1_150' title='bbox 2843 3747 2972 3824; x_wconf 81' lang='lat' dir='ltr'><strong>quo</strong></span> 
     </span>
     <span class='ocr_line' id='line_1_21' title="bbox 737 3830 2970 3929; baseline -0.002 -25"><span class='ocrx_word' id='word_1_151' title='bbox 737 3830 886 3906; x_wconf 86' lang='lat' dir='ltr'><strong>loco</strong></span> <span class='ocrx_word' id='word_1_152' title='bbox 952 3837 1105 3904; x_wconf 89' lang='lat' dir='ltr'><strong>acta</strong></span> <span class='ocrx_word' id='word_1_153' title='bbox 1168 3854 1314 3903; x_wconf 89' lang='lat' dir='ltr'><strong>esse</strong></span> <span class='ocrx_word' id='word_1_154' title='bbox 1373 3830 1664 3929; x_wconf 88' lang='lat' dir='ltr'><strong>putanda</strong></span> <span class='ocrx_word' id='word_1_155' title='bbox 1732 3830 1864 3904; x_wconf 89' lang='lat' dir='ltr'><strong>sint</strong></span> <span class='ocrx_word' id='word_1_156' title='bbox 1882 3855 1906 3903; x_wconf 73' lang='grc' dir='ltr'><strong>ε</strong></span> <span class='ocrx_word' id='word_1_157' title='bbox 1981 3830 2095 3902; x_wconf 89' lang='lat' dir='ltr'><strong>alii</strong></span> <span class='ocrx_word' id='word_1_158' title='bbox 2158 3830 2529 3905; x_wconf 88' lang='lat' dir='ltr'><strong>scholiastis</strong></span> <span class='ocrx_word' id='word_1_159' title='bbox 2594 3831 2970 3906; x_wconf 87' lang='lat' dir='ltr'><strong>auctoribus</strong></span> 
     </span>
     <span class='ocr_line' id='line_1_22' title="bbox 736 3931 2970 4026; baseline -0.002 -17"><span class='ocrx_word' id='word_1_160' title='bbox 736 3933 883 4009; x_wconf 89' lang='lat' dir='ltr'><strong>Con</strong></span> <span class='ocrx_word' id='word_1_161' title='bbox 931 3933 1211 4008; x_wconf 84' lang='lat' dir='ltr'><strong>insulam</strong></span> <span class='ocrx_word' id='word_1_162' title='bbox 1224 3984 1251 4026; x_wconf 88' lang='lat'><strong><em>,</em></strong></span> <span class='ocrx_word' id='word_1_163' title='bbox 1314 3933 1429 4006; x_wconf 89' lang='lat' dir='ltr'><strong>alii</strong></span> <span class='ocrx_word' id='word_1_164' title='bbox 1488 3931 1795 4008; x_wconf 88' lang='lat' dir='ltr'><strong>Siciliam</strong></span> <span class='ocrx_word' id='word_1_165' title='bbox 1857 3957 2006 4006; x_wconf 88' lang='lat' dir='ltr'><strong>esse</strong></span> <span class='ocrx_word' id='word_1_166' title='bbox 2061 3932 2310 4007; x_wconf 79' lang='lat' dir='ltr'><strong>volunt.</strong></span> <span class='ocrx_word' id='word_1_167' title='bbox 2429 3933 2527 4008; x_wconf 87' lang='lat' dir='ltr'><strong>At</strong></span> <span class='ocrx_word' id='word_1_168' title='bbox 2576 3935 2970 4010; x_wconf 83' lang='lat' dir='ltr'><strong>scholiastae</strong></span> 
     </span>
     <span class='ocr_line' id='line_1_23' title="bbox 734 4034 2967 4137; baseline -0.002 -25"><span class='ocrx_word' id='word_1_169' title='bbox 734 4038 895 4112; x_wconf 90' lang='lat' dir='ltr'><strong>satis</strong></span> <span class='ocrx_word' id='word_1_170' title='bbox 941 4037 1074 4137; x_wconf 90' lang='lat' dir='ltr'><strong>ipsi</strong></span> <span class='ocrx_word' id='word_1_171' title='bbox 1120 4036 1405 4136; x_wconf 90' lang='lat' dir='ltr'><strong>produnt</strong></span> <span class='ocrx_word' id='word_1_172' title='bbox 1452 4038 1651 4110; x_wconf 90' lang='lat' dir='ltr'><strong>meris</strong></span> <span class='ocrx_word' id='word_1_173' title='bbox 1702 4061 1776 4110; x_wconf 88' lang='lat' dir='ltr'><strong>se</strong></span> <span class='ocrx_word' id='word_1_174' title='bbox 1839 4036 2234 4111; x_wconf 78' lang='lat' dir='ltr'><strong>coniecturis</strong></span> <span class='ocrx_word' id='word_1_175' title='bbox 2299 4036 2491 4130; x_wconf 82' lang='lat' dir='ltr'><strong>duci,</strong></span> <span class='ocrx_word' id='word_1_176' title='bbox 2557 4061 2758 4135; x_wconf 85' lang='lat' dir='ltr'><strong>quum</strong></span> <span class='ocrx_word' id='word_1_177' title='bbox 2817 4034 2967 4108; x_wconf 81' lang='lat' dir='ltr'><strong>Ha-</strong></span> 
     </span>
     <span class='ocr_line' id='line_1_24' title="bbox 736 4138 2966 4239; baseline -0.003 -25"><span class='ocrx_word' id='word_1_178' title='bbox 736 4143 977 4216; x_wconf 83' lang='lat' dir='ltr'><strong>lentem</strong></span> <span class='ocrx_word' id='word_1_179' title='bbox 1026 4142 1131 4216; x_wconf 84' lang='lat' dir='ltr'><strong>vel</strong></span> <span class='ocrx_word' id='word_1_180' title='bbox 1176 4164 1416 4239; x_wconf 88' lang='lat' dir='ltr'><strong>pagum</strong></span> <span class='ocrx_word' id='word_1_181' title='bbox 1464 4141 1536 4212; x_wconf 90' lang='lat' dir='ltr'><strong>in</strong></span> <span class='ocrx_word' id='word_1_182' title='bbox 1582 4139 1800 4212; x_wconf 83' lang='lat' dir='ltr'><strong>insula</strong></span> <span class='ocrx_word' id='word_1_183' title='bbox 1848 4138 1975 4233; x_wconf 84' lang='lat' dir='ltr'><strong>Co,</strong></span> <span class='ocrx_word' id='word_1_184' title='bbox 2026 4138 2133 4212; x_wconf 82' lang='lat' dir='ltr'><strong>vel</strong></span> <span class='ocrx_word' id='word_1_185' title='bbox 2178 4139 2400 4213; x_wconf 86' lang='lat' dir='ltr'><strong>locum</strong></span> <span class='ocrx_word' id='word_1_186' title='bbox 2429 4142 2773 4239; x_wconf 79' lang='lat' dir='ltr'><strong>quemdam</strong></span> <span class='ocrx_word' id='word_1_187' title='bbox 2821 4158 2966 4211; x_wconf 87' lang='lat' dir='ltr'><strong>esse</strong></span> 
     </span>
    </p>
   </div>
   <div class='ocr_carea' id='block_1_6' title="bbox 740 4310 1257 4323">
    <p class='ocr_par' dir='ltr' id='par_1_6' title="bbox 740 4310 1257 4323">
     <span class='ocr_line' id='line_1_25' title="bbox 740 4310 1257 4323; baseline 0 994"><span class='ocrx_word' id='word_1_188' title='bbox 740 4310 1257 4323; x_wconf 95' lang='lat' dir='ltr'><strong> </strong></span> 
     </span>
    </p>
   </div>
   <div class='ocr_carea' id='block_1_7' title="bbox 841 4395 2959 4550">
    <p class='ocr_par' dir='ltr' id='par_1_7' title="bbox 841 4395 2959 4550">
     <span class='ocr_line' id='line_1_26' title="bbox 841 4395 2959 4550; baseline -0.001 -90"><span class='ocrx_word' id='word_1_189' title='bbox 841 4398 966 4550; x_wconf 58' lang='grc'><strong>132</strong></span> <span class='ocrx_word' id='word_1_190' title='bbox 1009 4398 1218 4462; x_wconf 86' lang='lat' dir='ltr'><strong>Editae</strong></span> <span class='ocrx_word' id='word_1_191' title='bbox 1270 4401 1329 4461; x_wconf 90' lang='lat' dir='ltr'><strong>in</strong></span> <span class='ocrx_word' id='word_1_192' title='bbox 1371 4399 1604 4462; x_wconf 76' lang='lat' dir='ltr'><strong>Diurnis</strong></span> <span class='ocrx_word' id='word_1_193' title='bbox 1647 4399 1995 4462; x_wconf 77' lang='lat' dir='ltr'><strong>scholasticis</strong></span> <span class='ocrx_word' id='word_1_194' title='bbox 2046 4418 2100 4460; x_wconf 81' lang='lat' dir='ltr'><strong>a.</strong></span> <span class='ocrx_word' id='word_1_195' title='bbox 2149 4400 2333 4466; x_wconf 79' lang='lat'><strong>1832.</strong></span> <span class='ocrx_word' id='word_1_196' title='bbox 2394 4419 2472 4468; x_wconf 88' lang='grc' dir='ltr'>ιιι.</span> <span class='ocrx_word' id='word_1_197' title='bbox 2512 4397 2662 4465; x_wconf 86' lang='lat' dir='ltr'><strong>Nov.</strong></span> <span class='ocrx_word' id='word_1_198' title='bbox 2719 4418 2775 4462; x_wconf 90' lang='lat' dir='ltr'><strong>n.</strong></span> <span class='ocrx_word' id='word_1_199' title='bbox 2838 4395 2959 4462; x_wconf 81' lang='lat'><strong>132</strong></span> 
     </span>
    </p>
   </div>
  </div>
 </body>
</html>
