3275 5317
837 477 958 543 An
1000 476 1338 546 FRANO.
1380 437 2037 546 srirznunvni.
2468 478 2558 546 a

380 695 388 704 -
526 638 2190 772 Rode-ratioeeniturinnsupreepodtionis
2248 638 2560 718 adu·—

325 769 450 846 pus
512 746 869 823 translato·
945 743 1125 819 unde
1186 741 1341 821 ἀνὰ
1405 742 1545 820 τὸν
1606 741 1938 843 πόλεμον
2013 741 2163 818 fieri
2225 744 2559 841 dicuntur,

325 844 1765 972 quaembisdenmwbgkcndmchi.
1816 872 1881 922 e.
1784 772 2560 946 qu-simuleun

325 951 481 1027 belli
528 960 751 1030 tract·
797 950 1003 1026 finnt.
1069 950 1244 1049 qnod
1297 957 1531 1026 contra
1580 971 1750 1048 quae
1797 949 1996 1028 κατὰ
2042 948 2185 1028 τὸν
2231 947 2562 1052 πόλεμον

325 1056 675 1151 accidunt,
741 1079 875 1131 non
923 1056 1239 1130 continua
1298 1053 1788 1151 intelligatur,
1854 1054 1975 1129 sed
2035 1051 2384 1185 aliqnando
2447 1064 2567 1132 aut

326 1160 617 1260 saepius,
668 1159 825 1233 dum
871 1158 1117 1233 bellum
1165 1164 1295 1252 est,
1344 1165 1556 1255 gesta.
1608 1155 1738 1232 sio
1786 1156 1940 1236 ἀνὰ
1981 1153 2224 1235 νύκτα
2273 1166 2378 1235 est
2409 1183 2566 1258 per

326 1261 577 1336 noctis
626 1259 962 1361 spatmm
979 1313 1005 1358 ,
1070 1261 1121 1335 i.
1174 1285 1239 1335 e.
1307 1260 1614 1361 quamdiu
1677 1285 1815 1335 nox
1880 1268 2007 1336 est.
2151 1260 2345 1337 Haec
2407 1262 2568 1337 mihi

326 1390 459 1440 non
509 1365 749 1439 videris
799 1364 1177 1439 distinxisse
1230 1371 1296 1453 5.
1356 1368 1476 1439 19.
1530 1364 1837 1464 quoniam
1899 1365 2248 1440 convenire
2296 1365 2369 1440 in
2416 1364 2566 1465 ple·-

327 1469 553 1569 risque
603 1465 753 1546 ἀνὰ
806 1475 879 1544 et
923 1467 1119 1545 κατὰ
1169 1441 1618 1541 existimabas.

530 1570 833 1646 Indidem
896 1570 1290 1673 explicanda
1365 1567 1769 1670 praepositio
1840 1568 1914 1644 iu
1986 1567 2386 1645 numerando
2400 1622 2427 1665 ,

329 1675 482 1754 ἀνὰ
545 1683 706 1753 πᾶν
771 1678 974 1770 ἔτος,
1039 1675 1216 1775 quod
1277 1681 1412 1748 est
1446 1672 1822 1747 commun
1884 1673 2086 1747 καὶ
2148 1693 2569 1748 annorumz

282 1786 398 1855 ,ot
470 1779 695 1879 paullo
769 1778 998 1872 aliter,
1067 1798 1267 1877 quum
1330 1774 1484 1855 οἷνᾶ
1530 1772 1996 1874 πεντήκοντα
2065 1777 2345 1872 dicitur,
2398 1775 2573 1878 qnod

328 1882 524 1958 modo
576 1882 659 1956 de
708 1881 1177 2003 quinquagenis
1225 1900 1360 1953 una
1425 1880 1598 1953 serie
1649 1876 2176 1980 comprehensis,
2242 1879 2437 1955 modo
2488 1877 2573 1955 de

326 1986 503 2061 serie
548 2008 758 2084 usque
807 1984 895 2057 ad
943 1983 1411 2083 quinquaginta
1438 1982 1785 2103 producta,
1838 1983 2014 2081 qnod
2050 2003 2172 2058 nos
2199 2003 2306 2066 an
2314 1982 2575 2080 funf-

331 2086 485 2183 zfg,
538 2095 645 2162 est
691 2086 1173 2186 accipiendum.
1275 2083 1536 2159 Eodem
1599 2085 1888 2184 pertinet
1947 2082 2102 2162 ἀνὰ
2151 2081 2576 2184 κρότος,ά

329 2215 500 2292 quae
549 2191 705 2264 huic
756 2189 1001 2263 similia
1044 2195 1223 2283 sunt,
1276 2207 1663 2286 quousque
1709 2185 1953 2261 robur
1999 2188 2327 2285 ”tffia’t-

539 2292 1050 2368 Transeundum
1100 2301 1207 2366 est
1267 2291 1549 2390 denique
1597 2292 1684 2365 ad
1733 2288 2096 2367 derivatum
2142 2291 2329 2367 illum
2375 2314 2579 2394 prae·

330 2395 678 2500 positionis
726 2419 956 2490 usum,
1027 2419 1159 2494 quo
1209 2403 1532 2489 contra,
1582 2400 2053 2485 retrorsum,
2099 2419 2415 2470 mmm
2477 2395 2581 2470 si·

331 2500 705 2599 gnificatur.
803 2497 878 2573 Is
930 2503 1159 2598 aperte
1206 2521 1296 2572 ex
1345 2519 1428 2572 ea
1476 2497 1934 2574 observatione
1993 2506 2178 2575 ortus
2240 2509 2384 2596 est,
2450 2521 2581 2599 qua

330 2606 554 2679 emnia
599 2604 894 2678 videmus
942 2602 1235 2702 pondere
1282 2625 1404 2676 suo
1456 2597 1762 2677 deorsum
1824 2601 2021 2677 ferri·
2090 2625 2365 2709 quorum
2417 2601 2583 2700 dura

333 2709 515 2783 duris
561 2705 739 2781 illisa
787 2727 1049 2779 sursum
1095 2705 1527 2804 repelluntur,
1576 2725 1750 2803 aqua
1796 2705 2135 2779 fluminum
2183 2716 2402 2782 autem
2430 2731 2583 2782 mo-

333 2812 399 2886 le
449 2810 713 2886 obieeta
761 2814 877 2884 aut
924 2817 1121 2883 vento
1189 2808 1520 2882 obnitente
1586 2812 1821 2882 contra
1883 2808 2250 2885 naturalem
2312 2833 2582 2884 cursum

335 2914 698 2989 retruditur
744 2917 940 3011 atque
1003 2912 1077 2985 in
1126 2935 1203 2985 se
1265 2911 1416 3009 ipsa
1465 2912 1776 3007 assurgit.
1898 2909 2099 2985 Vnde
2161 2935 2361 3012 quum
2428 2911 2582 2990 ἇνά

337 3016 517 3117 ῥόον
565 3016 728 3091 ferri
776 3016 1173 3109 dicerentur,
1228 3035 1396 3112 quae
1446 3014 1722 3087 adverso
1768 3013 2037 3087 flumine
2073 3011 2582 3113 protrudentur:

338 3143 511 3221 aqua
558 3121 708 3220 ipsa
752 3120 817 3192 si
864 3120 938 3192 in
987 3139 1062 3192 se
1109 3139 1407 3191 remeare
1456 3119 1829 3214 cogeretur,
1878 3116 2154 3217 perinde
2204 3122 2374 3214 erat,
2426 3141 2583 3192 sur-

338 3249 484 3303 sum
533 3247 681 3297 eam
729 3245 816 3296 an
862 3230 1043 3298 retro
1093 3220 1329 3296 cedere
1380 3219 1697 3295 dicerent.
1796 3219 2013 3295 Porro
2061 3243 2260 3321 quam
2306 3223 2585 3324 propin-

340 3349 469 3431 qna
518 3328 655 3401 sint
700 3334 919 3399 retro
966 3332 1041 3399 et
1086 3345 1425 3419 memma,
1492 3345 1629 3398 non
1690 3328 1843 3423 eget
1906 3324 2371 3423 explicatione.
2471 3323 2587 3401 Ad

340 3434 511 3508 hane
560 3453 719 3505 vero
766 3430 1088 3503 rationem
1150 3451 1273 3526 ego
1341 3427 1602 3527 quidem
1664 3425 1783 3501 illa
1842 3428 2180 3502 retulerim
2193 3481 2258 3524 ,
2289 3450 2458 3528 quae
2505 3437 2583 3503 tn

340 3563 411 3639 p.
462 3538 540 3611 7.
595 3533 725 3608 alio
752 3532 945 3607 modo
973 3532 1297 3631 explicas,
1349 3525 1733 3621 ἀναλύειν,
1785 3529 2209 3623 ἀνανεύειν,
2260 3528 2584 3631 Aratique

344 3633 844 3717 ἄνακελεύειν.
956 3635 1255 3710 Maxime
1319 3641 1540 3710 autem
1588 3659 1633 3709 a
1680 3639 1751 3709 te
1811 3635 2131 3710 dissentio
2194 3634 2277 3710 de
2342 3633 2586 3710 Theo·
2709 3668 2720 3682 1

344 3744 497 3820 criti
546 3765 767 3834 versu,
820 3761 1012 3838 quem
1060 3762 1132 3838 p.
1185 3743 1261 3813 6.
1310 3735 1637 3813 tractasti.
1736 3735 1920 3813 Eo
1896 3765 1970 3813 ιιι
2016 3764 2212 3813 versu
2239 3762 2389 3813 mea
2432 3738 2586 3862 qui·-

346 3849 494 3922 dem
540 3846 870 3920 sententia
916 3865 1128 3940 neque
1178 3839 1436 3944 βαρὺν
1500 3840 1586 3918 δ’
1659 3841 1811 3919 ἄνα
1861 3842 2131 3942 θυμὸν
2180 3845 2434 3940 ἔχοισα
2485 3842 2586 3916 si-

346 3948 661 4049 guificare
709 3954 930 4048 potest
979 3944 1343 4018 attollens
1393 3944 1738 4018 animum
1748 3999 1776 4042 ,
1830 3969 1999 4046 quae
2060 3946 2255 4045 plane
2318 3945 2586 4020 insolita

347 4053 593 4129 locutio
657 4059 799 4145 est,
864 4074 1076 4149 neque
1153 4050 1288 4147 legi
1354 4046 1639 4151 λάθρια
1656 4103 1683 4144 ,
1765 4050 1939 4150 quod
2003 4047 2378 4124 necessario
2442 4055 2586 4122 erat

350 4156 539 4235 αδέα
587 4154 1040 4230 scribendum·
1093 4153 1212 4227 sed
1260 4161 1460 4254 poeta
1509 4178 1707 4254 quum
1756 4152 2048 4253 scripsit,

479 4310 666 4387 ἅδέα
716 4307 861 4409 μεν
907 4303 1288 4413 γελάοισα,
1338 4307 1597 4410 βαρυν
1647 4307 1732 4384 δ’
1786 4308 1938 4384 ἄνα
1988 4304 2257 4406 θυμὸν
2307 4307 2584 4404 εχοισα,

356 4466 483 4542 hoc
531 4465 736 4542 dixit:
799 4461 1020 4538 dulce
1070 4460 1372 4563 quidem
1435 4460 1697 4536 uilem
1709 4514 1740 4558 ,
1803 4459 1940 4536 sed
1991 4483 2338 4557 gravem.
2380 4458 2584 4536 iram
