3275 5317
787 501 921 592 252
1535 504 1661 570 nn
1699 505 2279 569 mmmmm

787 669 1175 801 iungun'turx
1229 666 1556 770 στρατὸν
1620 667 1870 770 ὅρκοις
1931 665 2306 771 κρατήσας
2366 668 2496 745 καὶ
2533 674 2795 755 Αλιταῖς
2843 699 3011 774 γου-
3109 688 3115 696 ’

785 798 1220 873 νασματων.
2373 810 2378 815 -

992 910 1297 1008 Denique
1339 919 1427 984 Ὗ.
1502 912 1726 982 1469.
1795 934 1928 985 non
2003 909 2407 1004 dubitamus,
2491 911 2660 1008 quin
2726 908 3013 1011 φύλακα

788 1014 870 1087 ab
919 1014 1275 1113 interprete
1327 1015 1414 1086 sit
1462 1014 1853 1113 profectum.
1954 1011 2271 1087 Fortasse
2322 1022 2521 1112 poeta
2577 1016 2885 1114 scripsit:

1096 1164 1252 1242 ἐπεί
1296 1167 1373 1268 μ’
1431 1168 1712 1263 ἔθηκας
1766 1167 2029 1243 λαΐνου
2081 1168 2315 1268 τηρὸν
2369 1169 2664 1271 στέγης,
2800 1259 2804 1263 ,

785 1320 1184 1418 Aeschylum
1233 1327 1544 1417 sequutus
1607 1320 1680 1391 in
1729 1316 1970 1417 Suppl.
2046 1319 2222 1393 256.
2288 1321 2401 1392 ubi
2453 1320 2845 1395 scholiastes
2892 1348 3010 1414 τη-

784 1425 928 1524 ρὸν
977 1450 1097 1522 per
1166 1421 1466 1524 φύλακα
1533 1424 2020 1520 interpretatur.
2136 1422 2454 1496 Eiusdem
2522 1422 3008 1522 significationis

781 1527 1208 1620 vocabulum,
1289 1526 1461 1624 quod
1525 1525 1634 1598 bic
1699 1533 1906 1601 metro
1974 1527 2536 1602 accommodatum
2607 1535 2751 1616 est,
2830 1526 3009 1598 habet

758 1629 1190 1727 ⁴Hesychius:
1243 1625 1549 1729 ναρούς,
1599 1628 1776 1713 τοὺς
1828 1625 2192 1728 φύλακας.

990 1766 1355 1866 Impresssa
1405 1750 1620 1841 editio⁸
1659 1775 1967 1841 accurate
2019 1776 2155 1840 est:
2227 1792 2619 1868 quamquam
2671 1768 2742 1839 in
2791 1771 3004 1864 poetae

783 1870 1024 1963 verbis,
1076 1880 1338 1969 praeter
1391 1896 1492 1964 ea,
1588 1894 1713 1942 uae
1765 1896 1964 1969 supra
2012 1872 2373 1944 notavimus
2390 1924 2414 1963 ,
2485 1871 2749 1967 aliaque
2813 1868 3003 1940 levio-

779 2000 882 2069 ra,
934 1976 1054 2047 hos
1106 1976 1174 2045 in
1240 1975 1537 2071 corrigen
1581 1975 1639 2045 is
1691 1999 1823 2046 non
1874 1982 2263 2047 memoratos
2301 1981 2589 2046 'errores
2659 1971 3003 2070 deprehen-

782 2080 1029 2151 dimus:
1082 2076 1334 2152 motai
1382 2075 1783 2172 ῥὀιζοῦσαν
1844 2103 1966 2177 pro
2034 2075 2668 2175 κᾶπιροιζοῦσανς
2733 2102 2793 2147 v.
2842 2075 2999 2146 479.

782 2178 1154 2285 ἇγρόστης
1202 2205 1325 2278 pro
1379 2177 1741 2283 ᾆγρότης,·
1791 2206 1853 2253 v.
1908 2182 2085 2254 487.
2137 2178 2541 2279 τόρμαισιν
2597 2187 2828 2253 contra
2874 2199 3001 2248 me-

778 2292 953 2358 trum
1005 2309 1125 2381 pro
1176 2281 1568 2381 τόρμαισι,·
1619 2309 1684 2356 V.
1739 2287 1914 2356 692.
1969 2284 2373 2379 κημασμὸν
2420 2310 2545 2381 pro
2591 2275 3000 2377 κηκασμόν;

779 2412 842 2460 v.
871 2390 1093 2460 1038.
1124 2396 1339 2485 φωνῆ
1354 2411 1474 2484 pro
1494 2395 1713 2485 φονῆ.
1766 2385 2382 2459 Inadnotationibus
2398 2388 2606 2459 nimia
2634 2385 2831 2485 spatii
2853 2405 3006 2482 par-·

780 2490 1061 2563 simonia
1112 2488 1438 2580 cernitur,
1490 2488 1849 2584 meliusque
1900 2489 2342 2562 commoditati
2408 2491 2681 2563 lectoris
2748 2483 2996 2560 consul-
3113 2576 3117 2581 ι

750 2600 922 2665 *tum
975 2600 1172 2680 esset,
1224 2592 1282 2663 si
1333 2591 1624 2688 singulae
1678 2591 2124 2664 adnotationes
2192 2600 2260 2664 et
2325 2593 2578 2666 scholia
2646 2616 2813 2664 novo
2861 2611 2996 2660 ver-

784 2721 868 2770 su
919 2696 1323 2793 inciperent,
1397 2720 1523 2767 nec
1579 2694 1828 2801 lineola
1879 2702 1992 2766 aut
2057 2697 2414 2792 perexiguo
2480 2697 2701 2794 spatio
2751 2695 2821 2764 in
2867 2713 2994 2761 me-

783 2799 908 2872 diis
972 2799 1264 2871 versibus
1329 2799 1893 2893 distinguerentur.
2029 2796 2278 2871 Contra
2350 2799 2636 2872 varietas
2716 2791 2992 2869 lectionis

784 2903 865 2974 ab
931 2902 992 2974 I·.
1059 2900 1331 2975 Pottero
1400 2910 1467 2974 et
1517 2899 1909 2974 Sebastiano
1976 2901 2293 2993 collecta,
2376 2903 2719 2999 versioque
2784 2894 2990 2970 Scali-

779 3005 923 3102 geri
974 3006 1297 3078 diductius
1350 3012 1417 3079 et
1467 3003 1818 3105 spatiosius
1839 3056 1865 3096 ,
1933 3027 2125 3103 quam
2173 3029 2294 3104 pro
2345 3006 2645 3103 parergis
2660 3055 2687 3097 ,
2757 2997 2987 3075 descri-

776 3117 898 3208 pta
948 3116 1121 3181 sunt.

987 3245 1206 3335 Quum
1231 3244 1299 3316 in
1327 3246 1538 3342 primo
1569 3244 1889 3319 volumine
1918 3269 2047 3321 non
2089 3245 2444 3319 indicatum
2473 3246 2588 3340 sit,
2631 3243 2782 3343 quid
2807 3261 2984 3338 porro

783 3346 871 3420 sit
922 3355 1366 3442 sequuturum,
1421 3348 1747 3419 afferenda
1799 3348 2138 3442 duximus,
2211 3375 2375 3448 quae
2428 3350 2508 3420 al)
2562 3351 2708 3447 ipso
2759 3345 2982 3417 editore

780 3450 1174 3548 accepimus.
1294 3447 1594 3523 Alterum
1658 3451 1857 3546 igitur
1918 3455 2216 3526 volumen
2269 3453 2762 3525 commentarios
2814 3445 2982 3518 Tze-

779 3562 928 3627 tzae
981 3554 1334 3626 continebit
1383 3578 1469 3625 ex
1517 3579 1749 3625 novem
1801 3557 2133 3629 codicibus
2203 3557 2614 3648 emendatoS,
2682 3575 2823 3626 cum
2884 3546 2980 3615 in·

782 3657 1034 3729 dicibus
1083 3657 1609 3754 locupletissimis
1661 3681 1875 3729 rerum
1942 3660 2543 3756 grammaticarum,
2612 3646 2976 3751 mythologi-

783 3783 1031 3851 carum,
1086 3759 1686 3855 geographicarum.
1789 3759 1899 3833 Illi
1962 3787 2194 3834 novem
2258 3763 2519 3836 codices
2586 3767 2737 3833 sunt
2797 3748 2978 3824 Pari-

781 3863 908 3934 sini
957 3861 1020 3933 B
1055 3860 1136 3935 G.
1192 3861 1715 3935 Vindobouensis
1769 3863 1900 3936 ΙΠ.
1954 3864 2295 3937 Palatinus
2362 3869 2489 3938 40.
2559 3860 2974 3949 Vitebergen-

782 3992 888 4039 ses
937 3966 987 4037 l.
1040 3963 1135 4037 H.
1188 3964 1320 4037 ΙΠ.
1377 3964 1698 4060 CizensiS‚
1750 3967 2304 4066 Rehdigerianus:
2396 3993 2556 4066 quos
2618 3961 2974 4036 Bacbman-

778 4091 904 4141 nus
955 4069 1200 4165 aliquot
1246 4068 1316 4140 in
1366 4069 1531 4142 locis
1583 4095 1806 4142 omnes
1857 4072 1998 4169 ipse
2049 4073 2355 4169 inspexit.
2475 4069 2718 4169 Sperat
2767 4085 2834 4132 se
2879 4062 2971 4126 θῒ·

779 4171 911 4243 iam
961 4172 1206 4246 codicis
1254 4169 1468 4268 Neap.
1520 4171 1652 4244 ΙΠ.
1708 4175 1819 4271 qui
1867 4175 2054 4246 valde
2102 4175 2531 4248 memorabilis
2566 4179 2686 4261 est,
2739 4165 2969 4236 discrfl‘

778 4276 1038 4372 pantias
1090 4283 1533 4372 accepturum.
1637 4272 1930 4374 Antiqua
1980 4277 2227 4350 scholia
2274 4278 2573 4351 Romana
2602 4272 2700 4345 vel
2719 4270 2786 4339 in
2831 4263 2965 4346 11⁰0,

779 4376 885 4447 vel
936 4385 1113 4450 certe
1162 4379 1230 4449 in
1282 4379 1485 4451 tertio
1527 4378 1850 4453 volumine
1898 4381 2114 4453 locum
2165 4382 2514 4473 invenient,
2569 4371 2733 4475 quod
2759 4360 2964 4439 Bach-

782 4480 998 4555 manni
1051 4481 1546 4557 commentarios
1611 4483 2077 4580 mythologicos
2144 4493 2213 4559 et
2274 4481 2734 4582 geographicos
2795 4485 2962 4541 ⁰⁰¹³·
