3275 5317
713 479 851 550 m
1427 478 1549 540 DE
1590 472 2233 540 FRAGMENTIS

718 652 934 718 utrum
999 640 1232 740 probet
1292 663 1376 712 an
1441 639 1804 738 improbet,
1870 664 2004 712 non
2064 646 2287 737 potest
2346 662 2434 712 ex
2498 665 2578 713 eo
2642 640 2934 738 intelligi,

718 746 892 846 qnod
942 744 1147 839 addit,
1204 748 1646 845 Προαγῶνα
1694 743 1981 816 fabulam
2028 743 2232 815 fuisse
2296 740 2659 817 Philonidis
2672 797 2698 837 ,
2753 745 2941 818 sede-

717 852 849 925 cim
900 848 1086 921 annis
1138 855 1354 921 actam
1403 855 1554 919 ante
1602 854 1879 919 mortem
1955 843 2323 943 Euripidis.
2469 846 2580 921 De
2652 849 2769 919 illa
2841 849 2944 921 fa-

715 953 871 1026 bula
942 952 1087 1024 fuse
1164 950 1517 1048 disputavit
1565 950 1637 1022 ιιι
1685 949 2064 1045 fragmentis
2114 946 2574 1047 Aristophanis
2626 948 2721 1026 G.
2768 950 2946 1023 Din-

715 1054 985 1149 dorfius,
1037 1079 1170 1128 non
1217 1053 1329 1126 ille
1403 1061 1624 1126 tamen
1674 1076 1911 1123 nomen
1976 1052 2153 1127 eius
2185 1053 2561 1150 explicans,
2640 1054 2816 1152 quod
2865 1079 2947 1126 ne

715 1159 879 1233 alios
913 1158 1212 1257 quidem
1301 1179 1576 1254 usquam
1665 1155 1903 1228 fecisse
1979 1154 2192 1228 video.
2345 1153 2603 1229 Nomen
2693 1156 2948 1230 fabulae

715 1270 898 1336 certe
974 1261 1218 1359 aliquid
1305 1259 1511 1332 fuisse
1586 1257 1906 1350 ostendit,
2004 1258 2179 1354 quod
2260 1259 2623 1361 προαγών
2706 1260 2951 1334 dictum

712 1364 933 1438 fuerit.
994 1363 1260 1456 Quod
1308 1363 1439 1434 nisi
1487 1362 1720 1455 fallor,
1800 1361 1897 1433 ita
1976 1362 2334 1435 vocabatur
2398 1362 2705 1436 solemnis
2756 1388 2950 1461 pom-

710 1493 840 1567 pa,
916 1426 1082 1566 qnae
1145 1467 1354 1538 sacris
1416 1465 1611 1537 factis
1679 1471 1832 1537 ante
1904 1464 2426 1538 commissionem
2474 1465 2775 1540 ludorum
2823 1468 2950 1539 du-

712 1579 997 1646 ceretur.
1139 1566 1221 1641 Id
1287 1568 1510 1664 colligi
1571 1567 1732 1640 licet
1781 1592 1868 1640 ex
1916 1568 2040 1669 iis,
2108 1591 2275 1664 quae
2338 1566 2750 1642 Aeschines
2778 1570 2951 1642 scri-

709 1674 861 1805 psit
893 1675 966 1745 in
1016 1671 1307 1746 oratione
1356 1671 1426 1742 ιιι
1479 1667 1969 1768 Ctesiphontem
2034 1679 2099 1760 §.
2155 1673 2278 1744 67.
2335 1671 2415 1744 de
2463 1670 2948 1746 Demosthene·

710 1773 990 1881 γράφει
1040 1772 1426 1875 ψήφισμα,
1477 1773 1657 1858 τοὺς
1705 1773 2015 1873 καιροὺς
2063 1781 2226 1868 τῆς
2244 1770 2525 1859 πόλεως
2578 1772 2951 1876 ὑφαιρού-

708 1908 974 1980 μενος,
1057 1876 1450 1973 ἐκκλησίαν
1516 1883 1758 1955 ποιεῖν
1833 1876 2014 1962 τοὺς
2035 1874 2475 2008 πρυτάνεις
2553 1887 2645 1974 τῇ
2714 1878 2953 1982 ὀγδόῃ

714 1984 1119 2082 ἱσταμένου
1165 1982 1834 2081 Ἐλαφηβολιῶνος
1857 1977 2122 2079 μηνός,
2176 1979 2281 2055 ὅτ
2332 1977 2430 2076 ἧν
2472 1990 2584 2080 τῷ
2627 1984 2954 2080 Ἀσκλη-

713 2097 863 2188 πιῷ
911 2087 959 2184 ἡ
1010 2085 1256 2162 θυσία
1305 2084 1435 2160 καὶ
1485 2082 1525 2159 ὃ
1578 2081 1978 2187 προαγών,
2047 2087 2130 2159 ἐν
2177 2091 2269 2181 τῇ
2339 2087 2500 2185 ἱερᾷ
2565 2084 2950 2187 ἦιιέρᾳ,ὃ

712 2162 1081 2293 πρότερον
1132 2187 1379 2272 οὐδεὶς
1428 2186 1801 2286 μέμνηται
1847 2183 2280 2308 γενόμενον.

615 2302 710 2370 21
922 2291 1253 2365 Adiiciam
1317 2292 1419 2363 his
1435 2343 1461 2383 ,
1527 2291 1854 2412 quoniam·
1900 2290 2103 2364 semel
2163 2291 2237 2361 ιιι
2311 2290 2607 2363 manibus
2676 2301 2781 2366 est
2844 2294 2954 2369 hic

714 2397 937 2472 Musei
984 2395 1288 2469 Rhenani
1316 2394 1699 2486 fasciculus,
1751 2396 2149 2491 epigramma
2177 2394 2727 2490 venustissimum,
2782 2398 2956 2495 quod

716 2503 788 2573 in
835 2501 919 2571 iis
932 2550 960 2592 ,
1026 2521 1192 2595 quac
1255 2497 1350 2569 ibi
1413 2494 1816 2568 Welckerus
1881 2496 2223 2590 tractavit,
2307 2497 2761 2572 duodecimum
2828 2509 2954 2574 est.

715 2601 1267 2678 Venustissimum
1315 2623 1511 2672 vero.
1493 2591 1529 2651 Ρ
1579 2598 1916 2720 inquietis,
1970 2596 2319 2672 Candidati
2369 2600 2772 2675 doctissimi·
2824 2605 2957 2676 im-

713 2732 821 2781 mo
872 2704 1405 2778 absurdissimum
1419 2755 1445 2797 ,
1500 2703 1804 2801 omnique
1852 2726 2092 2799 genere
2156 2704 2602 2805 perversitatis
2663 2706 2956 2805 plenum.

713 2809 961 2884 Fateor
974 2861 1000 2903 ,
1080 2815 1156 2880 ut
1221 2806 1480 2905 quidem
1546 2805 1837 2899 editum,
1904 2813 1974 2878 et
1985 2857 2010 2898 ,
2080 2806 2154 2878 si
2203 2806 2328 2878 diis
2395 2806 2656 2905 placet,
2726 2835 2956 2884 emen-

715 2915 938 2987 datum
971 2919 1096 2986 est.
1199 2909 1387 2985 Nam
1424 2932 1583 2983 sane
1635 2903 1895 3008 qnidem
1947 2907 2223 2983 audire
2255 2919 2396 2981 est
2440 2931 2723 3010 operae
2757 2938 2956 3015 pre-

717 3016 934 3091 {fum-

923 3167 1219 3270 Πατρὶς
1242 3198 1383 3268 μεν
1412 3166 1550 3268 μοι’
1574 3169 1731 3244 ἐστι
1764 3165 2055 3245 Λύκων
2083 3166 2328 3252 πόλις·
2385 3165 2538 3266 εἶμι
2566 3168 2648 3245 δ’
2675 3171 2955 3248 Απολ-

1023 3378 1106 3452 ἐν
1159 3370 1427 3502 Φαρίῃ
1465 3370 1646 3476 γαίῃ
1699 3268 2565 3505 θυμόιὲ[ἔπ1ιιιίὲξι]9ίμενος.

919 3473 1177 3576 νήπιος
1225 3472 1741 3574 ἦρπάσθηνδ
1688 3475 1770 3552 δ’
1825 3475 2351 3554 ἑκκαιδεκᾶτου
2404 3482 2757 3556 ἐνιαυτοῦ

1023 3583 1239 3658 ἕκτον
1291 3577 1732 3677 δωροσύνης
1780 3591 1985 3682 μῆνα
2036 3578 2629 3681 παρερχόμενος.

818 3686 864 3759 5
918 3692 1065 3762 νῦν
1117 3684 1197 3759 δ’
1245 3683 1775 3782 Ἀβυδηναίου
1820 3684 2207 3785 Ὀσίριδος
2260 3682 2752 3816 αμφιπολεύω

1020 3792 1312 3876 θῶκον,
1365 3785 1493 3862 καὶ
1544 3789 1951 3889 φθιμένων
2003 3790 2141 3864 οὐκ
2192 3785 2525 3886 επατησα
2577 3785 2899 3886 δόμους·

924 3887 1381 3987 (ἅθανατων
1442 3890 1571 3968 καὶ
1634 3892 1860 3970 τέκνα
1923 3920 2402 3991 μεμορμενον
2473 3891 2683 3969 οἶκον
2747 3895 2954 3968 ἐπελ-

1023 4099 1177 4175 αλλ’
1233 4103 1416 4175 οἰκῶ
1466 4125 1839 4198 μακαρων
1887 3994 2253 4194 ἠλῖεῑῖἔν]
2250 4095 2552 4188 πεδίον,

922 4204 1082 4280 ἔνθ’
1170 4199 1332 4299 ἅμα
1408 4199 1627 4275 παισὶ
1710 4203 1958 4330 θεῶνε
1993 4201 2460 4328 ἄειὲγενῆων
2540 4198 2952 4297 Κυλλήνιος

778 4410 872 4479 10
1022 4406 1313 4508 ἵδρυσε,
1366 4405 1495 4482 καὶ
1545 4403 1786 4504 λήθης
1838 4311 2239 4486 οἰῗειζιτῗοςν
2293 4403 2596 4506 λιβάδα.
