3275 5317
781 454 871 523 oe
1006 410 1011 416 ’
1652 450 2106 519 senous

783 619 965 709 dent,
1015 614 1206 718 quasi
1263 611 1608 690 refutaturi
1669 637 1798 690 aeu
1858 613 2116 790 seiliget
2176 635 2293 687 eos
2339 634 2481 687 rem
2537 611 2844 711 tetigisse
2903 612 3007 690 di·-

782 718 1266 923 ἶίἲξρσιαῗιιιιιῗιθθ
1304 716 1944 913 Ἠῃέιᾙιθῗωιῗοιιῖ
1990 715 3009 939 οοὶὓηῇοἱιιιιῖιῗαιὲιῗιῗοιζίεξθῖιᾶὲ

779 950 925 1002 rem
972 925 1174 998 fuisse
1226 924 1341 1053 qui
1387 946 1581 997 secus
1631 929 2018 997 statuerent.
2137 917 2238 996 At
2303 928 2371 994 et
2431 921 2841 1020 ineptissime
2900 922 3008 997 illo

631 1023 636 1026 ⁷
781 1028 961 1104 istud
1008 1026 1165 1104 ἐντὶ
1211 1021 1494 1119 Λύκος,
1542 1020 1802 1109 Λύκος
1852 1022 2048 1111 ἐντί,
2116 1027 2184 1098 et
2244 1020 2510 1122 reliqua
2554 1024 3007 1124 praesentibus

782 1130 1071 1208 convivis
1123 1128 1437 1223 dixisset,
1491 1135 1574 1200 et
1635 1134 1778 1200 tota
1841 1125 2050 1200 oratio
2116 1126 2400 1199 ostendit
2463 1151 2614 1200 eum
2680 1127 2786 1200 ira
2846 1128 3010 1200 inter

778 1232 1171 1310 narrandum
1222 1230 1683 1304 effervescente
1747 1228 2135 1326 Thyonieho
2199 1228 2532 1302 nominare
2581 1230 2788 1303 istum
2836 1230 3010 1302 riva·-

779 1336 914 1411 lem
974 1358 1190 1409 suum.
1306 1331 1377 1406 N
1377 1358 1456 1407 ee
1520 1328 1893 1429 κλύμενον
1958 1336 2196 1431 ἔρωτα
2249 1326 2448 1424 dicit,
2523 1332 2718 1405 euius
2782 1332 3008 1406 notitia

779 1439 916 1514 iam
964 1438 1050 1511 ad
1098 1436 1337 1510 multos
1365 1435 1759 1534 pervenerit,
1812 1432 1930 1506 sed
1961 1427 2521 1532 praeclarum
2493 1435 2794 1528 monice,
2845 1433 3010 1532 quod

778 1539 1135 1665 puleellum
1211 1546 1280 1615 et
1351 1536 1614 1612 mollem
1687 1536 2238 1611 adolescentulum
2302 1535 2430 1609 sihi
2485 1536 2823 1638 praeferat
2876 1535 3008 1633 Cy·

776 1667 1079 1820 mmV.
1131 1747 1257 1819 31.
1307 1738 1748 1815 Vehementer
1812 1747 2071 1835 errant,
2122 1739 2237 1839 qui
2284 1739 2511 1817 κακαὶ
2559 1741 2832 1842 φρένες
2877 1740 3006 1813 ini..

777 1848 945 1926 tium
993 1871 1139 1921 esse
1186 1845 1616 1919 Thessalicae
1665 1843 2029 1917 cantilenae
2074 1850 2331 1943 putant.
2443 1842 2631 1918 Nihil
2678 1846 2814 1918 ista
2859 1864 3004 1918 ver·-

775 1952 867 2027 ha
927 1961 1139 2049 neque
1200 1948 1287 2022 ad
1344 1945 1605 2044 L'yeum
1667 1968 1879 2046 neque
1943 1946 2030 2020 ad
2093 1944 2462 2044 cyniscam.
2601 1946 2805 2043 Quod
2865 1943 3003 2020 Ae·

775 2054 1043 2132 sehines
1089 2051 1288 2127 dicit:

978 2202 1095 2303 χῶ
1142 2206 1609 2305 Λαρισσαῖος
1656 2200 1796 2278 τὸν
1861 2199 2095 2330 ἐμὸν..
2125 2198 2393 2281 Λύκον
2452 2197 2642 2303 {cerev
2692 2201 2820 2282 ἀπ’
2872 2203 3001 2302 ἅρ-

992 2383 1468 2489 Θεσσαλικόν
1487 2435 1564 2483 τι
1610 2407 1961 2506 μέλισμα,
1990 2333 2139 2404 χας

780 2585 919 2638 ιιοιι
966 2569 1070 2636 est
1119 2560 1199 2634 de
1248 2584 1404 2634 vero
1457 2566 1656 2632 cantu
1703 2555 2189 2656 intelligendum
2202 2608 2229 2655 ,
2293 2557 2411 2632 sed
2477 2558 2693 2658 ᾄδειν
2740 2568 2845 2634 est
2889 2584 2999 2634 re-

777 2674 1007 2769 petere
1057 2662 1324 2762 aliquid.
1429 2660 1838 2735 Cantilenam
1888 2662 2060 2734 enim
2108 2686 2241 2735 non
2293 2659 2540 2737 Graeci
2587 2663 2799 2737 solum
2811 2713 2847 2757 ,
2888 2660 2998 2735 sed

779 2770 949 2843 aliae
1001 2792 1254 2866 quoque
1302 2773 1529 2862 gentes
1576 2765 1986 2838 iterationem
2035 2765 2322 2838 eiusdem
2384 2766 2485 2838 rei
2543 2774 2817 2841 vocant·
2880 2787 2998 2837 nee

789 2870 1238 2949 Θεσσαλικὸν
1288 2869 1604 2966 ιιὲλισμα
1657 2868 1834 2941 aliud
1884 2875 1986 2941 est
2034 2891 2226 2965 quam
2275 2865 2588 2942 Seomma
2602 2920 2629 2962 ,
2683 2869 2873 2967 quale
2920 2866 2996 2939 ab

778 2973 1039 3050 homine
1089 2972 1415 3046 Thessalo
1465 2970 1746 3068 proferri
1792 2994 1925 3044 non
1952 2970 2040 3044 sit
2062 2970 2448 3044 mirandum.
2548 2970 2802 3047 Κακαὶ
2825 2968 2996 3069 φρέ-

777 3107 904 3162 νες
968 3074 1359 3148 Larissaeus
1443 3074 1556 3146 ille
1636 3074 2039 3170 appellatur,
2121 3072 2315 3148 homo
2378 3074 2613 3171 plenus
2691 3074 2994 3166 malitiae,

776 3180 975 3278 plane
1020 3185 1096 3254 ut
1141 3173 1354 3252 Amor
1401 3175 1577 3274 a'pud
1623 3174 1975 3251 Moschum
2019 3173 2082 3248 Ι.
2135 3178 2211 3250 8.
2316 3176 2505 3270 Quae
2552 3184 2981 3277 sequuntur,-

2003 3325 2057 3402 οἳ
2104 3324 2190 3403 δὲ
2238 3325 2580 3405 Κυνίσκα

986 3434 1246 3508 ἔκλαεν
1293 3427 1644 3517 ἐξαπίνας
1690 3424 2292 3560 θαλεραὶτερον3
2259 3429 2308 3527 ἢ
2358 3431 2566 3562 παρα
2613 3431 2850 3532 ματρὶ

982 3534 1364 3636 παρθένος
1412 3533 1686 3619 ἑξαέτις
1735 3528 2035 3610 κόλπων
2083 3531 2643 3632 ἐπιθυμήσασα,
2958 3529 2974 3553 ‘

780 3710 1094 3788 expressa
1140 3685 1257 3758 illa
1304 3685 1391 3758 ad
1437 3683 1714 3759 Homeri
1761 3684 2129 3784 exemplum
2175 3683 2372 3762 Iliad.
2431 3662 2635 3761 XVI.
2685 3688 2763 3763 ⁴7.
2812 3707 2990 3781 seqq·
3039 3705 3043 3712 ·

774 3793 848 3864 in
896 3792 980 3863 iis
1028 3789 1153 3862 fuit
1216 3811 1412 3886 quum
1480 3788 1699 3863 εκλαί
1754 3813 1877 3886 ego
1941 3790 2352 3864 scribendum
2415 3790 2760 3890 putabam,
2825 3782 2992 3885 quod

776 3892 1162 3969 memoravit
1192 3890 1650 3988 Kiesslingius
1664 3943 1691 3985 ,
1745 3899 1813 3964 et
1860 3892 2156 3991 probavit
2203 3893 2275 3966 in
2341 3916 2616 3990 gramm.
2682 3889 2811 3967 Gr.
2863 3886 2988 3962 vol.

772 3995 875 4071 11.
926 4020 997 4097 p.
1056 3998 1228 4068 169.
1289 3993 1750 4068 Buttmannus.
1865 3992 1965 4069 Et
2030 3995 2218 4070 ἔκλῶ
2268 3995 2340 4068 in
2401 4020 2532 4069 uno
2594 3995 2826 4072 saltem
2871 4013 2987 4064 eo·

778 4100 926 4174 dice
973 4095 1355 4173 Florentino
1404 4096 1666 4193 legitur.
1742 4093 1915 4170 Sed
1960 4120 2263 4171 numeros
2313 4096 2375 4169 si
2422 4104 2791 4218 spectamus
2807 4146 2834 4188 ,
2882 4091 2989 4165 ni-
3120 4103 3128 4112 '

777 4203 904 4275 mis
953 4202 1185 4275 durum
1243 4199 1496 4273 videtur
1558 4198 1778 4275 ἔκλαί
1838 4200 1939 4272 ita
1996 4199 2281 4297 positum
2344 4207 2422 4272 ιιι
2484 4201 2696 4321 prima
2754 4193 2989 4293 syllaba

780 4303 901 4375 suh
961 4303 1103 4378 ictu
1163 4302 1289 4397 sit,
1357 4301 1883 4403 producaturque
1963 4324 2045 4375 ea
2119 4323 2285 4400 quae
2346 4304 2661 4401 sequitur.
2774 4299 2987 4392 Quare

763 4425 978 4503 ‘quum
1027 4406 1283 4483 ἔκλαεν
1331 4429 1466 4482 ιιοιι
1512 4405 1725 4506 possit
1771 4427 1895 4506 pro
1944 4403 2190 4483 aoristo
2236 4404 2500 4502 haberi,
2547 4402 2984 4506 imperfectum
